2970 4956
141 351 233 414 1378.
410 364 1023 414 nannoniruroanrusnuumunusm.
1217 354 1277 413 149

138 543 213 587 cum
228 524 342 607 porcis,
357 530 390 586 et
406 525 492 606 quod
507 525 645 607 quilibet
667 545 777 587 eorum
792 525 960 601 custodiat,
975 545 1050 587 cunr
1065 532 1180 587 turnus
1201 543 1280 587 suus

139 612 272 687 venerit,
287 631 453 694 quousque
480 611 621 674 habeant
650 632 853 675 communem
882 611 1062 694 porcarium
1092 612 1153 673 sub
1181 630 1279 692 poena

138 698 183 780 xij
197 697 226 762 d.
272 698 462 780 lnjunctum
487 706 536 761 est
563 699 612 781 [os
637 697 739 782 ebore]
771 699 857 782 quod
886 699 997 761 nullus
1027 719 1137 761 eorum
1167 697 1280 760 fodent

140 783 210 869 [se‘c]
225 784 260 846 in
276 785 342 848 alta
357 789 457 847 strata
472 784 507 847 in
523 785 603 847 villa
618 785 657 848 de
673 786 890 869 Billyngham‚
906 786 966 848 sub
981 805 1077 867 poena
1091 784 1127 846 xl
1138 785 1166 847 d.

182 872 323 935 NEUTON
340 872 510 936 Vrauuua
555 873 714 936 Robertus
731 873 837 936 Smith
852 893 882 936 v.
897 873 932 935 in
949 873 1037 935 curia
1052 879 1085 935 et
1100 892 1125 935 o.
1138 872 1150 954 j
1169 875 1229 934 cot.
1246 877 1279 933 et

138 959 171 1040 vj
194 979 282 1021 acras
305 967 361 1022 ter.
378 958 494 1021 ultimo
509 959 545 1021 in
567 966 681 1022 tenura
702 960 725 1022 J
727 959 863 1022 ohannis
879 960 918 1023 de
933 961 966 1022 N
968 967 1066 1023 euton
1081 964 1114 1022 et
1127 957 1278 1041 perdidit,

138 1064 176 1108 eo
192 1045 278 1128 quod
293 1046 389 1128 praed.
403 1046 425 1109 J
427 1047 569 1109 ohannes
585 1045 691 1110 noluit
706 1047 831 1109 trahere
846 1067 969 1109 moram
984 1046 1104 1109 ibidem
1116 1050 1212 1128 prout
1227 1045 1278 1107 in-

135 1132 288 1214 junctum
315 1133 379 1195 fuit
401 1132 463 1195 sihi
487 1133 522 1195 in
544 1132 692 1215 pluribus
714 1133 867 1196 halmotis
889 1154 946 1216 per
971 1134 1051 1196 istos
1080 1140 1145 1196 tres
1176 1151 1278 1195 annos

138 1239 226 1302 prox.
250 1219 439 1302 praeteritos,
461 1219 532 1282 hab.
556 1221 597 1282 ad
619 1221 710 1283 term’
727 1220 803 1284 vitae
825 1241 900 1296 suae,
922 1220 1010 1287 redd.
1034 1220 1201 1302 antiquam
1224 1219 1277 1281 fir·
1314 1263 1321 1279 .

138 1326 250 1369 mam·
266 1344 279 1354 -

184 1393 329 1457 COUPON.
374 1394 465 1456 Bona
474 1394 604 1465 Thomee
616 1394 658 1456 fil.
670 1393 819 1458 Gilberti.
856 1394 1068 1457 Frumentum
1079 1394 1114 1456 in
1125 1393 1212 1476 garb.
1221 1413 1278 1475 per

139 1480 241 1544 estim.
265 1480 338 1562 iqr.
362 1487 396 1543 et
414 1480 466 1556 dt,
485 1481 498 1563 j
523 1480 588 1543 olla
610 1501 706 1557 eirea,
718 1481 731 1563 j
756 1480 928 1544 collobium
941 1481 1206 1564 -Oompertum
1230 1486 1279 1543 est

138 1587 196 1650 per
214 1568 276 1650 jur.
293 1567 379 1650 quod
400 1567 538 1630 Thomas
557 1567 599 1630 fil.
617 1567 755 1631 Gilberti
777 1568 949 1631 aedificavit
971 1589 1070 1631 unam
1086 1568 1223 1631 salinam
1246 1571 1279 1629 et

138 1662 251 1738 postea
276 1655 452 1736 prostravit
474 1654 617 1731 eandem,
644 1655 684 1718 de
714 1655 806 1737 cujus
835 1655 987 1718 meremio
1014 1655 1153 1718 suntin
1179 1674 1278 1716 manu

139 1743 162 1813 ,Ι
164 1741 300 1804 ohannis
330 1741 373 1804 fit
401 1742 479 1823 Rog.
511 1762 534 1802 x
563 1762 654 1822 spars
681 1747 713 1804 et
742 1743 816 1818 rihs,
851 1749 885 1806 et
913 1742 949 1804 in
982 1762 1081 1805 manu
1118 1740 1279 1804 Johannis

139 1828 181 1890 fil.
199 1828 339 1892 Gilberti
353 1850 375 1890 x
391 1848 480 1909 spars
496 1834 528 1890 et
540 1828 553 1910 j
570 1828 648 1905 first,
664 1828 747 1891 etin
762 1828 896 1911 gardino
910 1829 1006 1911 praed.
1019 1829 1150 1891 Thomae
1164 1834 1243 1891 sunt
1257 1847 1280 1890 v

139 1915 206 1978 ribs
221 1922 254 1978 et
269 1917 363 1990 firsts,
379 1921 411 1977 et
427 1916 462 1976 in
478 1935 603 1977 camera
618 1915 761 1997 ejusdem
777 1917 908 1979 Thomae
922 1923 999 1979 sunt
1014 1917 1047 1998 xj
1064 1915 1156 1998 parvi
1172 1933 1282 1996 spars3

140 2004 231 2085 cujus
248 2003 378 2084 quidem
394 2002 546 2064 meremia
561 2002 765 2085 assignantur
785 2003 957 2085 praeposito
973 2008 1005 2065 et
1016 2003 1078 2084 jur.
1095 2002 1136 2064 ad
1158 2001 1280 2065 custod.

138 2089 179 2152 ad
196 2108 276 2171 opus
292 2089 415 2152 domini
430 2089 490 2152 suh
504 2109 600 2170 poena
621 2090 661 2152 di,
678 2111 753 2153 mar,

182 2176 306 2240 Aoum.
352 2176 560 2257 Compertum
582 2183 631 2239 est
655 2197 712 2258 per
735 2183 973 2240 sacramentum
995 2177 1074 2260 Rog.
1099 2178 1188 2251 Lose,
1203 2173 1277 2239 Joh.
1359 2201 1361 2205 ’

139 2263 302 2339 Tailliour,
324 2261 415 2326 Will.
439 2262 573 2338 Uscher,
598 2263 687 2327 Will.
714 2263 865 2339 Randoli,
891 2266 914 2328 J
916 2264 964 2327 oh.
991 2264 1035 2328 fil.
1060 2263 1186 2337 firman,
1205 2263 1228 2325 J
1230 2262 1279 2325 oh.

139 2350 403 2426 Farnhamsman‚
420 2350 551 2412 Thomae
566 2351 714 2431 Watson,
730 2350 820 2414 Will.
844 2351 963 2426 Power,
978 2352 1036 2433 qui
1056 2350 1171 2413 dieunt
1192 2348 1279 2431 quod

139 2436 223 2500 bona
241 2435 310 2521 [sic]
326 2437 349 2499 J
351 2436 400 2499 oh.
418 2436 514 2500 Olerk
537 2438 576 2500 de
591 2438 695 2520 Acley
711 2446 854 2520 tempore
877 2459 941 2520 quo
964 2437 1082 2501 occidit
1097 2437 1280 2500 Walterum

140 2524 296 2587 Tailliour
317 2523 432 2586 habuit
454 2523 538 2586 bona
560 2529 593 2587 et
615 2525 732 2588 catalla
753 2525 793 2586 ad
808 2524 988 2588 valenciam
1003 2524 1082 2606 xxvj
1094 2544 1116 2586 s.
1132 2523 1189 2606 viij
1201 2523 1230 2586 d.
1247 2529 1281 2586 et

139 2610 262 2674 habent
277 2610 363 2674 diem
386 2610 427 2673 ad
449 2611 571 2673 ostend.
588 2631 660 2692 quae
675 2612 760 2673 bona
781 2619 815 2675 et
837 2611 953 2674 catalla
968 2610 1063 2694 praed.
1080 2610 1103 2672 J
1104 2610 1153 2674 oh.
1169 2629 1280 2672 vener·

140 2704 202 2761 unt
224 2697 264 2761 ad
287 2718 402 2760 manus
417 2697 578 2760 Johannis
593 2699 693 2761 Tours
712 2699 914 2774 coronatoris
930 2704 962 2760 et
985 2697 1025 2759 ad
1049 2696 1141 2779 cujus
1163 2715 1280 2759 manus

140 2784 305 2847 residuum
326 2784 500 2858 devenerit,
516 2784 601 2846 inira
622 2785 645 2867 ij
671 2785 874 2866 septimanas.
920 2780 1111 2867 lnjunctum
1134 2788 1183 2846 est
1205 2803 1279 2846 con-

139 2871 305 2934 stabilario
320 2879 353 2934 et
368 2870 517 2933 omnibus
533 2870 605 2934 aliis
621 2878 684 2935 ten.
697 2871 776 2934 villa
788 2870 874 2953 quod
886 2892 952 2934 non
962 2869 1153 2954 permittant
1164 2869 1281 2932 catalla

140 2959 284 3022 felonum
300 2968 357 3021 aut
379 2957 515 3020 aliorum
530 2958 740 3039 fugitivorum
755 2958 931 3022 ammoveri
947 2958 987 3021 de
1001 2957 1081 3020 villa
1096 2956 1153 3020 sed
1175 2962 1281 3020 custo·

140 3045 233 3109 diant
255 3046 367 3109 eadem
383 3043 499 3108 catalla
514 3051 547 3106 et
561 3065 599 3108 ea
613 3045 734 3108 faciant
756 3046 932 3127 appreciari
955 3044 995 3108 ad
1010 3065 1124 3108 verum
1137 3043 1281 3107 valorem

140 3152 308 3216 quousque
332 3131 472 3195 mandat.
497 3131 638 3194 habeant
661 3132 701 3195 de
726 3132 835 3196 Priore
865 3137 898 3195 et
927 3132 1006 3194 offic.
1032 3131 1192 3213 Episcopi,
1220 3131 1281 3194 sub

140 3240 237 3303 poena
251 3218 319 3282 xls.
332 3252 375 3263 -
387 3218 580 3282 Ordinatum
596 3223 645 3282 est
661 3239 701 3282 ex
720 3219 884 3282 communi
906 3239 1038 3282 assensu
1061 3217 1148 3301 quod
1170 3217 1281 3281 nullus

141 3327 251 3370 eorum
266 3305 458 3388 permittant
474 3304 583 3388 aliqua
598 3307 705 3368 averia
727 3306 914 3370 conculcare
928 3306 1013 3369 blad.
1029 3326 1089 3369 nec
1111 3305 1282 3388 depascere

140 3392 268 3475 herhag.
281 3394 316 3455 in
332 3392 440 3474 aliquo
452 3392 516 3454 alio
526 3392 598 3456 loco
613 3412 711 3475 quam
727 3394 767 3456 ad
779 3414 911 3468 moram,
923 3394 983 3456 sub
994 3413 1091 3475 poena
1102 3391 1144 3454 di.
1156 3412 1280 3454 marcae.

184 3481 284 3544 FERY.
332 3479 522 3561 lnjunctum
549 3484 598 3543 est
624 3481 774 3543 omnibus
800 3487 865 3543 ten.
893 3480 980 3543 villae
1010 3485 1043 3543 et
1065 3478 1218 3542 villarum
1241 3478 1282 3541 de

140 3566 287 3642 Estmer,
301 3565 482 3641 Westmer,
496 3571 529 3629 et
552 3566 713 3644 Midmer,
728 3573 761 3631 et
783 3567 915 3630 Obilton
936 3566 1023 3648 quod
1044 3565 1155 3647 nullus
1171 3584 1281 3627 eorum

141 3653 257 3717 ludant
279 3653 320 3716 ad
342 3653 424 3736 pilas
447 3652 487 3715 de
510 3659 615 3716 cetero
638 3654 698 3716 sub
721 3675 816 3736 poena
837 3655 872 3716 xl
881 3675 904 3717 s.
925 3652 1065 3717 solvend.
1083 3660 1141 3716 etc.
1189 3650 1282 3714 Will.

140 3740 251 3804 Adlok
273 3740 324 3822 ej
342 3741 411 3803 toft.
427 3760 472 3801 xx
495 3759 520 3803 a
543 3746 600 3803 ter.
623 3740 682 3803 ult.
697 3739 733 3803 in
755 3749 818 3804 ten.
835 3741 965 3803 Thomae
986 3739 1119 3817 Gawdi3
1145 3737 1216 3802 hab.
1240 3737 1283 3801 ad

140 3833 232 3890 term.
249 3827 324 3890 vitae
340 3846 415 3901 suae,
430 3825 516 3889 redd.
532 3847 562 3909 p.
578 3847 604 3891 a
621 3827 667 3909 xij
678 3847 700 3890 s.
712 3831 745 3890 et
753 3848 811 3910 pro
823 3828 971 3909 operibus
983 3827 1120 3889 manerii
1130 3825 1152 3907 ij
1164 3845 1188 3888 s.
1204 3824 1240 3907 iij
1251 3823 1282 3888 d.

141 3913 229 3997 quod
259 3914 349 3996 prius
378 3912 520 3976 reddidit
549 3914 581 3996 xj
593 3934 616 3976 s.
649 3913 792 3977 Gres'ma
816 3935 873 3979 xs.
896 3912 1036 3976 solvend.
1060 3932 1135 3975 cum
1161 3910 1283 3994 ceperit

141 4001 280 4084 primam
290 4007 460 4064 vesturam.
487 3999 704 4081 [Welfedend
715 4001 1284 4064 Bichebornclsoorcuresserncmes

141 4089 179 4150 e'n
190 4088 254 4150 tta
267 4087 332 4150 vill.
380 4086 442 4148 rte
457 4086 549 4148 letter
557 4087 740 4168 frequently
754 4088 941 4168 afterwards
955 4107 991 4148 es
1005 4087 1042 4148 dc
1056 4085 1226 4148 Br'eheborre
1247 4112 1277 4136 =

158 4178 169 4237 l
200 4174 383 4237 Beeeltbrerre.

140 4175 155 4338 .(
172 4175 345 4324 )GH1trorr.
386 4171 528 4320 lhomas
543 4257 586 4319 fil.
603 4257 677 4322 Joh.
694 4258 816 4322 Miluer
831 4259 870 4322 de
894 4257 1026 4321 Chilton
1049 4277 1073 4320 c.
1086 4257 1100 4339 j
1125 4261 1184 4320 cot.
1201 4261 1235 4318 et
1249 4254 1284 4337 vj

141 4367 188 4413 ac.
202 4355 259 4412 ter.
276 4365 350 4429 quae
364 4343 437 4406 doh.
455 4343 561 4406 Smith
578 4343 617 4405 de
634 4344 842 4427 Mayneslord
858 4346 947 4428 prius
970 4343 1077 4406 tenuit
1100 4348 1132 4406 et
1155 4360 1285 4425 sursum
