2970 4956
163 692 420 819 nannoni
449 741 752 830 rnronnrns
783 681 1195 873 nuuanui'riisrs

148 1009 238 1068 1296.
253 1005 465 1068 ·I.—Pn1nus
488 1004 625 1067 Turnus
641 1003 1064 1079 Anu1,rrc.‚Nounors1n1
1087 965 1259 1084 Snli‘mssffz

100 1142 108 1156 .
132 1141 139 1155 .
164 1141 171 1155 .
196 1091 363 1175 [Halmota
385 1096 476 1154 tenta
497 1090 596 1174 apud]
613 1091 775 1153 Heberine
790 1090 842 1154 dia
863 1090 957 1153 Jovis
973 1089 1065 1173 [May
1082 1091 1135 1174 23]
1150 1083 1296 1174 prox-1:53

100 1184 177 1241 ante
199 1179 319 1242 fastum
341 1177 434 1241 Beati
455 1176 632 1260 Augustini
655 1177 748 1260 [May
764 1177 819 1260 26]
841 1197 934 1253 anno,
951 1184 1019 1251 etc,
1034 1177 1238 1260 nonagesimo
1250 1166 1283 1242 .·”

100 1270 194 1328 sexto
208 1262 259 1345 [=
269 1265 319 1348 G}
342 1315 349 1328 .
373 1315 380 1328 .
404 1314 411 1328 .
435 1264 554 1327 Felicia
564 1263 675 1327 relicta
689 1262 839 1326 Nicholai
851 1264 936 1346 cepit
947 1262 1142 1346 bondagium
1153 1263 1239 1346 quod
1269 1272 1327 1327 .··

99 1351 152 1412 vir
163 1371 240 1414 suus
253 1352 369 1426 tenuit,
383 1357 417 1413 et
431 1350 520 1413 dabit
534 1349 575 1413 ad
589 1350 722 1432 g'smam
736 1349 907 1412 dimidium
921 1369 1035 1412 marcae
1050 1348 1239 1413 solvendum

100 1437 143 1500 ad
168 1437 287 1501 festum
307 1438 343 1501 Β.
360 1435 530 1500 Michaelis
552 1456 639 1518 prox.
655 1441 836 1499 venturum.
874 1435 993 1519 Plegiis
1020 1436 1148 1500 Simone
1171 1436 1239 1499 filio

102 1524 220 1606 Rogeri
241 1531 274 1587 et
289 1522 460 1606 Radulpho
484 1523 605 1586 Sutore.
617 1523 778 1585 —Alioia
799 1522 911 1586 relicta
925 1522 1015 1605 Elyae
1031 1522 1117 1605 cepit
1138 1522 1239 1584 bond-

102 1610 211 1694 agium
234 1610 320 1693 quod
348 1611 399 1672 vir
421 1610 490 1692 ejus
512 1609 627 1684 tenuit,
650 1615 682 1673 et
706 1608 796 1672 dabit
817 1630 874 1692 pro
896 1608 995 1691 g'sma
1021 1609 1078 1691 xiij
1096 1628 1119 1671 s.
1144 1609 1190 1691 iiij
1209 1608 1238 1671 d.

102 1696 272 1760 solvendos
288 1696 329 1759 ad
345 1696 463 1759 festum
487 1698 522 1758 B.
545 1694 723 1758 Michaelis.
767 1695 852 1778 Pleg.
876 1694 1046 1778 Radulpho
1070 1696 1184 1759 Sutore
1206 1701 1240 1758 et

104 1782 248 1848 Galfrido
271 1783 449 1865 praeposito.
460 1783 638 1845 —Eadem
652 1781 760 1845 Alicia
782 1783 869 1865 cepit
884 1782 964 1845 duas
979 1803 1067 1845 acras
1090 1783 1240 1846 frussurae

104 1889 184 1952 quas
200 1870 250 1932 vir
264 1889 342 1933 suus
357 1869 473 1944 tenuit,
484 1868 646 1932 reddendo
660 1890 690 1952 p.
706 1889 732 1931 a.
751 1875 804 1945 hs,
818 1874 852 1931 et
866 1874 914 1932 est
928 1869 1163 1933 incrementum
1179 1869 1229 1932 ld.

149 1955 344 2039 [Fun]wuun.
389 1958 499 2038 Agnes
518 1955 617 2018 Dulce
640 1955 725 2038 cepit
739 1956 859 2018 toftum
881 1962 914 2018 et
934 1961 1053 2018 terram
1068 1976 1167 2038 quam
1189 1956 1241 2018 vir

104 2062 182 2105 suus
196 2043 310 2118 tenuit,
326 2041 486 2104 reddendo
502 2049 535 2105 et
546 2041 691 2104 faciendo
707 2042 840 2105 servicia
855 2047 1015 2118 consueta,
1031 2048 1064 2105 et
1079 2042 1169 2106 dabit
1182 2062 1240 2124 pro

104 2129 203 2213 g'sma
220 2134 264 2192 ds.
278 2126 327 2192 8d.
373 2128 458 2211 Pleg.
474 2129 497 2192 J
498 2127 624 2191 ohanne
638 2128 704 2191 filio
719 2126 808 2191 Adae.

148 2265 155 2279 .
179 2265 185 2278 .
209 2265 215 2277 .
239 2214 539 2278 HPARSPUTINGD’.
586 2215 707 2278 Omnes
716 2214 862 2278 homines
873 2215 1023 2278 villarum
1037 2214 1076 2278 de
1088 2212 1240 2296 Putingd'

103 2301 180 2384 quia
208 2321 275 2364 non
311 2301 535 2365 satisfecerunt
564 2301 657 2364 sociis
691 2302 758 2364 suis
780 2321 837 2384 pro
867 2302 913 2364 eis
947 2301 1080 2365 servicia
1113 2301 1172 2364 fac’
1206 2301 1242 2363 in

103 2407 232 2471 gwerra,
256 2388 503 2451 2s.—Robertus
526 2387 686 2450 Punchun
708 2387 795 2471 cepit
808 2388 927 2451 toftum
949 2394 982 2451 et
1004 2393 1122 2452 terram
1138 2407 1240 2470 quon-

104 2474 179 2537 dam
191 2473 330 2538 Gilberti
339 2473 509 2549 Punchun‚
519 2494 617 2556 quam
628 2481 745 2537 terram
755 2473 892 2537 Thomas
908 2475 970 2537 For
981 2475 1096 2550 tenuit,
1107 2473 1195 2538 redd.
1207 2480 1241 2537 et

105 2560 163 2624 fac.
185 2581 242 2644 pro
265 2560 351 2624 dicta
372 2567 456 2624 terra
478 2560 562 2623 sicut
584 2559 722 2624 Thomas
744 2561 807 2622 For
828 2561 914 2637 fecit,
928 2562 988 2624 viz.
1011 2562 1033 2643 ij
1056 2580 1185 2623 marcas.
1198 2598 1242 2608 —

105 2647 262 2710 Ricardus
287 2647 389 2710 Faber
415 2647 500 2729 cepit
525 2647 685 2730 cotagium
715 2645 801 2729 quod
823 2646 949 2709 Matild'
973 2647 1105 2711 Textrix
1127 2646 1243 2722 tenuit,

105 2732 266 2797 reddendo
281 2740 314 2797 et
329 2733 474 2796 faciendo
489 2733 624 2796 servicia
639 2739 791 2796 consueta
806 2732 892 2795 sicut
906 2732 1041 2797 Matild’.

151 2819 243 2903 [Esr]
267 2820 433 2885 Rumon.
479 2819 692 2902 Goderobyne
714 2818 791 2900 quia
813 2817 953 2881 detinuit
976 2819 1025 2882 8d.
1044 2817 1085 2882 de
1107 2816 1243 2881 Ricardo

105 2905 259 2988 Sauvage,
278 2906 313 2969 in
335 2905 560 2982 misericordia,
586 2905 635 2970 cd.
681 2903 953 2989 [WestReynton
975 2905 1099 2969 follows
1122 2903 1186 2968 and
1208 2904 1244 2967 in

109 2998 202 3069 1296,
215 2993 289 3069 ΙΙΙ.,
301 2992 403 3056 under
417 2994 487 3056 Est·
493 2993 652 3074 Reynton,
668 2990 930 3054 “consideratum
945 2998 994 3055 ost
1006 2993 1092 3076 quod
1104 2991 1244 3057 Godero-

106 3078 182 3143 bine
203 3084 367 3161 recuperet
390 3079 429 3143 de
451 3079 601 3142 Johannc
617 3079 717 3161 Wyse
738 3094 796 3161 pro
813 3077 970 3162 plegiagio
992 3079 1127 3144 Roberti
1149 3079 1244 3142 Pater

106 3165 224 3229 Noster
240 3171 284 3230 2s.
296 3203 339 3211 --
351 3165 420 3228 Ilda
434 3165 501 3229 filia
517 3165 612 3229 Pater
627 3165 745 3228 Noster
758 3185 815 3247 pro
830 3163 907 3247 leyr,
925 3164 1006 3250 6d.”]

52 3331 54 3336 ,
152 3251 365 3335 [Humanas.
408 3252 460 3316 De
474 3251 582 3315 Alicio
601 3251 669 3315 filia
684 3250 849 3334 Ranulphi
863 3272 921 3335 pro
936 3251 1006 3336 leyr
1019 3260 1053 3316 et
1074 3250 1245 3327 mercheto,

109 3338 180 3402 lad.
218 3338 303 3422 Pleg.
316 3336 488 3421 Ranulpho
499 3338 566 3402 filio
580 3338 721 3402 Roberti.
730 3377 773 3388 -
785 3338 945 3402 Walterus
960 3338 1133 3421 lhisteling
1147 3337 1244 3401 habet

106 3424 279 3488 licenciam.
296 3424 409 3488 arandi
430 3430 547 3488 terram
568 3425 701 3488 Roberti
716 3424 776 3487 filii
794 3424 909 3508 Rogeri
930 3446 988 3508 pro
1009 3425 1093 3488 med'
1108 3425 1244 3489 duarum

106 3518 308 3575 vesturarum
321 3510 478 3589 habenda,
493 3518 526 3575 et
540 3511 632 3575 dabit
646 3511 775 3575 domino
790 3511 894 3574 Priori
911 3517 954 3575 2s.

151 3598 406 3682 [Bahman.
450 3598 560 3682 Agnes
582 3596 694 3661 relicta
716 3598 831 3681 Rogeri
850 3597 923 3661 Stes
942 3597 1029 3681 cepit
1050 3596 1245 3681 bondagium

107 3684 194 3766 quod
216 3685 266 3747 vir
292 3704 369 3748 suus
391 3684 506 3762 tenuit,
532 3689 565 3747 et
589 3683 680 3748 dabit
702 3683 744 3747 ad
765 3685 951 3768 g’smmamj
974 3704 1132 3763 marcam;
1158 3683 1246 3766 quod

107 3771 239 3853 quidem
248 3770 443 3854 bondagium
452 3770 596 3834 dimittet
607 3791 681 3834 cum
692 3791 755 3833 uno
767 3790 849 3852 equo
859 3777 892 3834 et
901 3771 1025 3835 duobus
1035 3770 1138 3834 bobus
1147 3770 1247 3853 precii

109 3863 184 3934 20s.‚
196 3877 270 3921 oum
285 3857 330 3939 vij
347 3857 429 3921 acris
445 3857 607 3933 frumenti,
618 3857 641 3940 ij
659 3857 739 3920 acris
755 3856 843 3921 ordei
858 3857 958 3939 precii
970 3877 1050 3921 aorae
1066 3856 1107 3921 di.
1121 3877 1247 3933 marcae,

108 3943 212 4007 tribus
227 3943 308 4008 acris
324 3943 470 4006 fabarum
485 3951 518 4007 et
532 3943 676 4026 pisarum
691 3943 790 4025 precii
805 3963 885 4007 acrae
903 3951 958 4020 2ε.,
973 3949 1006 4008 et
1028 3949 1151 4027 septem
1166 3944 1248 4007 acris
1263 3991 1265 3994 .

109 4047 218 4093 avenae
239 4029 339 4114 precii
353 4049 433 4093 acrae
450 4035 493 4094 2s.
538 4029 624 4113 Pleg.
640 4029 826 4093 dimittendi
847 4035 964 4094 terram
978 4030 1013 4093 in
1028 4029 1139 4094 eodem
1161 4035 1250 4093 statu

109 4115 276 4179 Bertramo
303 4116 343 4180 de
368 4115 561 4192 Munketon‚
587 4115 733 4180 Gilberto
757 4115 824 4178 filio
853 4115 960 4193 Alani,
988 4115 1133 4180 Gilberto
1159 4117 1253 4179 Eliuf

112 4200 270 4285 [possibly
293 4201 397 4285 Eluil]
426 4207 459 4264 ct
484 4201 634 4266 Johanne
660 4200 730 4286 [sic]
757 4201 865 4266 vidua.
919 4203 989 4266 Neo
1015 4201 1122 4286 capiet
1143 4203 1250 4265 virum

113 4287 181 4352 sine
195 4288 331 4352 licencia
349 4287 492 4351 Domini.
505 4325 548 4334 -
561 4287 663 4371 (Ros,
677 4286 791 4360 crased,
806 4288 873 4350 aad
891 4309 912 4351 a
934 4309 1012 4352 crosa
1025 4289 1139 4371 placed
1154 4289 1252 4372 laffoce

669 4388 691 4434 a
