2970 4956
144 359 236 418 1379.
405 368 1017 418 (11110111110111000011111100.
1220 359 1281 417 153

141 528 202 590 bus
218 526 355 610 negotiis
366 527 454 590 villae
470 536 503 591 et
518 549 575 610 pro
590 527 697 590 hirsill
712 535 745 591 et
760 527 883 591 custod.
898 527 1096 603 animalium,
1109 527 1170 590 sub
1185 547 1282 609 poena

142 616 176 676 xl
187 615 216 677 d.
233 614 375 677 solvend.
392 614 558 696 perillum
573 615 630 698 qui
645 616 680 677 in
703 615 831 678 defectu
854 616 1020 697 reperitur.
1031 653 1074 662 —
1085 613 1226 677 Matilda
1242 614 1281 679 de

143 701 291 764 Howden
313 701 411 764 habet
435 702 521 764 diem
543 703 584 765 ad
607 702 741 765 faciend.
757 702 860 784 legem
881 723 973 764 suam
988 722 1063 764 oum
1078 701 1110 783 vj
1127 721 1227 764 manu
1242 701 1282 764 ad

141 808 229 871 prox.
246 809 310 852 cur.
327 809 364 851 eo
376 789 461 871 quod
477 810 542 852 non
555 790 651 872 fregit
665 790 915 852 convencionem
926 808 1038 852 versus
1053 788 1077 852 J
1078 789 1127 852 oh.
1143 788 1183 851 de
1198 789 1281 871 Fery

141 882 238 957 prout
249 876 344 957 praed.
357 876 380 938 J
382 876 430 937 oh.
447 877 594 959 queritur
609 876 648 939 de
663 876 759 958 praed.
776 876 917 939 Matilda
928 875 968 939 de
982 874 1170 951 bras.,unde
1185 874 1280 957 praed.

142 963 165 1025 J
166 963 215 1024 oh.
232 962 365 1025 admisit
381 961 449 1047 [sic]
465 965 643 1044 proficuum
659 962 699 1025 ad
716 963 821 1045 damp.
837 984 859 1024 x
872 983 894 1025 s

186 1049 324 1111 Wusum.
362 1050 413 1112 De
435 1051 574 1133 Hugone
597 1050 689 1112 Paite
712 1070 749 1113 eo
773 1050 859 1131 quod
882 1048 945 1112 fuit
967 1047 1130 1112 errebellis
1155 1049 1223 1132 [sic]
1245 1048 1281 1112 in

142 1136 232 1198 curia
246 1137 282 1198 in
301 1137 477 1219 praesencia
493 1138 575 1202 dom.
592 1137 713 1200 Prioris
729 1158 774 1198 xx
785 1157 807 1199 s.
822 1161 828 1200 :
851 1137 1051 1199 condonatur
1066 1156 1123 1217 per
1138 1136 1282 1199 Priorem

141 1223 1082 1393 11111111111113111111111111111
1095 1223 1282 1392 {attat

53 1429 56 1433 ⁴
141 1397 309 1460 vicinitate
332 1399 414 1461 dom.
439 1397 558 1461 Prioris
581 1399 641 1460 sub
664 1417 760 1480 poena
783 1397 818 1460 xl
830 1419 853 1461 s.
877 1397 1018 1460 solvend.
1045 1402 1105 1460 etc.
1151 1397 1281 1481 [Ookky

141 1504 243 1545 occurs
257 1505 293 1546 us
308 1506 329 1546 o
343 1485 514 1568 sarnunto]

184 1570 294 1633 Mium.
345 1572 534 1653 injunctum
550 1571 699 1634 omnibus
711 1577 774 1634 ten.
791 1571 877 1652 quod
890 1570 1029 1653 quilibet
1038 1591 1148 1635 eorum
1159 1570 1281 1635 faciant

141 1657 295 1720 fossatde
305 1657 351 1720 les
361 1658 506 1740 lonyngs,
517 1658 654 1740 quilibet
665 1657 750 1740 [pro]
760 1665 851 1740 parte
861 1678 928 1734 sua,
938 1678 977 1720 ex
988 1665 1078 1740 parte
1089 1658 1281 1722 occidentali

142 1744 181 1806 de
193 1744 424 1826 Bischoplawe‚
434 1746 514 1807 citra
529 1746 647 1808 festum
659 1746 688 1808 S.
700 1745 723 1807 J
725 1745 815 1807 acobi
824 1766 912 1827 prox.
923 1746 982 1808 fut.
993 1745 1025 1827 vj
1040 1745 1078 1821 d.‚
1088 1745 1280 1809 solvendum

141 1838 201 1896 etc.
214 1869 259 1879 -
271 1831 466 1894 Ordinatum
482 1839 530 1894 est
545 1852 586 1894 ex
601 1832 765 1894 communi
780 1852 913 1894 assensu
929 1832 1015 1913 quod
1031 1833 1141 1895 nullus
1156 1837 1281 1915 ponant

141 1917 265 1999 lapides
281 1938 377 2000 super
392 1917 538 1981 alienam.
554 1924 627 1981 terr.
644 1919 705 1981 sub
720 1938 816 2000 poena
831 1919 863 2001 vj
875 1919 905 1982 d.
918 1919 1022 1981 —De
1037 1919 1127 1983 Will.
1141 1920 1281 1983 Cumour

141 2005 218 2085 quia
232 2005 338 2067 noluit
348 2006 457 2068 venire
468 2005 509 2068 ad
520 2007 757 2087 reparaoionem
770 2007 874 2088 stagni
885 2005 1062 2068 molendini
1074 2026 1148 2069 cum
1163 2006 1280 2070 vicinis

140 2093 217 2165 snio,
230 2091 269 2154 de
285 2092 359 2153 m'ia
374 2093 405 2174 vj
417 2092 445 2156 d.
456 2128 499 2141 -
509 2093 712 2175 Praeceptum
728 2099 776 2155 est
792 2099 848 2155 att.
865 2093 888 2155 J
890 2093 939 2156 oh.
956 2092 996 2155 de
1012 2093 1223 2176 Heghington
1239 2093 1281 2156 ad

140 2177 276 2240 liberam
299 2179 421 2241 curiam
444 2180 485 2242 ad
507 2178 653 2261 respond.
670 2179 711 2242 de
733 2179 836 2261 spinis
858 2179 990 2243 succisis
1013 2179 1098 2242 infra
1120 2200 1280 2263 campum.

139 2301 184 2313 —-
196 2265 404 2347 Compertum
416 2272 466 2328 est
481 2286 537 2348 per
548 2267 609 2348 jur.
627 2267 712 2348 quod
725 2267 738 2349 j
756 2287 857 2349 agnus
872 2266 1006 2329 inventa
1019 2266 1088 2349 [sic]
1101 2265 1137 2329 in
1149 2266 1215 2330 alta
1227 2267 1281 2330 via

140 2372 198 2434 per
220 2353 296 2435 Rog.
319 2353 500 2425 Arusmith,
522 2353 607 2416 unde
630 2354 809 2436 proficuum
832 2353 963 2416 devenit
985 2373 1043 2435 per
1057 2374 1080 2416 v
1094 2374 1144 2416 an.
1160 2353 1221 2418 viz.
1243 2354 1279 2438 iij

140 2459 211 2521 agn.
227 2440 269 2521 vj.
285 2439 365 2522 fleys
380 2440 480 2521 precii
495 2440 518 2522 ij
530 2461 552 2502 s.
565 2440 622 2523 viij
637 2440 666 2503 d.

184 2526 285 2589 Esrn.
332 2527 523 2608 Injunctum
546 2528 696 2590 omnibus
719 2533 784 2589 ten.
809 2526 897 2589 villae
920 2525 1006 2608 quod
1035 2527 1146 2590 nullus
1170 2547 1280 2590 eorum

140 2613 337 2676 maledicant
360 2613 439 2676 alios
461 2614 497 2676 in
519 2613 626 2676 verbis
641 2613 694 2676 vel
717 2613 812 2676 factis
835 2613 874 2676 de
897 2620 1002 2675 cetero
1017 2614 1078 2675 sub
1093 2633 1189 2696 poena
1204 2614 1240 2676 xl
1249 2614 1279 2677 d.

139 2699 281 2762 solvend.
298 2706 356 2762 etc.
369 2700 473 2764 -De
488 2701 611 2762 Thoma
633 2700 754 2762 Milner
776 2699 853 2781 quia
874 2699 1034 2762 insultum
1056 2699 1133 2763 fecit
1155 2700 1280 2764 Simoni

138 2786 161 2848 J
165 2807 265 2849 onson
278 2793 310 2848 et
322 2787 409 2868 oepit
424 2808 526 2849 unum
536 2787 687 2850 baculum
697 2786 793 2868 praed.
807 2786 956 2862 Simonis,
967 2792 1064 2867 prout
1079 2793 1279 2868 compertum

140 2879 198 2949 est,
210 2874 251 2936 ad
263 2874 404 2956 dampna
415 2873 462 2956 iiij
473 2874 512 2949 d.‚
522 2874 562 2938 de
574 2873 648 2936 m’ia
662 2874 695 2956 vj
708 2873 735 2936 d.
746 2909 790 2919 -
799 2873 850 2936 De
862 2872 984 2935 Thoma
995 2872 1117 2936 Milner
1127 2893 1185 2955 pro
1197 2874 1280 2937 salsa

140 2959 269 3042 querela
285 2981 343 3024 sua
354 2981 466 3024 versus
482 2961 647 3024 Simonem
662 2963 685 3025 J
687 2980 796 3035 onson,
812 2965 909 3041 prout
924 2964 1123 3041 compertum
1136 2967 1193 3036 est,
1204 2961 1237 3045 vj
1249 2961 1278 3025 d.

138 3048 245 3111 -De
270 3049 410 3111 Roberto
435 3048 479 3111 fil.
505 3048 635 3111 Thomae
657 3047 697 3110 de
719 3048 887 3110 Westmer.
904 3066 961 3128 pro
983 3047 1182 3110 transfacta
1203 3048 1278 3112 Joh.

140 3134 255 3210 Smith,
268 3143 365 3217 prout
380 3140 580 3217 compertum
595 3141 653 3210 est,
668 3133 710 3197 ad
719 3133 824 3216 damp.
840 3133 943 3214 ipsius
954 3133 978 3197 J
979 3133 1028 3196 oh.
1044 3155 1089 3196 xx
1098 3134 1138 3211 d.‚
1149 3134 1189 3198 de
1204 3136 1280 3198 m'ia

157 3222 211 3303 jd.
223 3260 267 3270 —
278 3223 329 3284 De
351 3222 373 3284 J
377 3222 425 3284 oh.
443 3222 549 3285 Smith
564 3243 622 3304 pro
644 3227 741 3284 trans.
758 3221 844 3283 facta
864 3220 961 3302 praed.
978 3220 1067 3297 Rob.,
1081 3228 1178 3303 prout
1193 3243 1280 3286 oom-

139 3315 218 3390 pert.
236 3315 292 3384 est,
309 3309 349 3372 de
364 3309 470 3391 damp.
486 3330 508 3370 x
518 3309 556 3384 d.‚
573 3309 612 3373 de
627 3308 702 3371 m'ia
717 3308 749 3391 vj
761 3308 789 3370 d.
799 3342 844 3356 —
855 3307 933 3371 Rob.
951 3306 993 3370 fil
1009 3307 1141 3372 Thomas
1151 3309 1280 3373 invenit

139 3395 221 3477 pleg.
236 3396 276 3458 de
287 3416 365 3478 pace
377 3397 399 3459 J
401 3396 452 3460 oh.
465 3396 500 3458 fil
514 3396 596 3459 Adae
611 3402 644 3459 et
656 3396 739 3458 Hen.
752 3395 792 3457 de
808 3395 940 3458 Neuton
951 3415 1064 3458 versus
1079 3396 1102 3458 J
1104 3396 1152 3458 oh.
1171 3395 1279 3459 Smith

140 3483 180 3544 de
196 3482 402 3565 Meryngton‚
418 3484 478 3546 sub
500 3503 597 3565 poena
612 3503 663 3547 os.
707 3482 752 3549 Et
774 3483 797 3545 J
798 3482 847 3545 oh.
865 3481 972 3545 Smith
993 3482 1121 3544 invenit
1140 3482 1223 3566 pleg.
1236 3519 1279 3530 -

140 3569 335 3632 Ordinatum
347 3577 396 3633 est
410 3577 477 3632 tam
493 3591 534 3633 ex
549 3589 682 3633 assensu
693 3568 817 3632 domini
833 3589 930 3651 quam
945 3569 1089 3631 omnium
1105 3575 1169 3632 ten.
1185 3568 1278 3633 villa-

138 3676 210 3718 rum
226 3657 312 3720 infra
327 3656 507 3719 dominium
529 3677 633 3732 suum,
649 3655 736 3738 quod
757 3654 869 3719 nullus
892 3675 1091 3718 commorans
1106 3653 1142 3716 in
1158 3655 1279 3720 eisdem

139 3743 290 3806 extrahat
311 3743 481 3807 cultellum
502 3744 555 3806 vel
577 3745 664 3809 levet
685 3742 837 3806 baculum
859 3763 916 3825 pro
939 3743 1024 3805 malo
1047 3741 1203 3819 faciendo,
1219 3742 1279 3806 sub

137 3850 236 3912 poena
262 3831 297 3893 xl
306 3831 335 3894 d.
380 3831 424 3894 Et
453 3831 555 3894 eciam
584 3830 635 3893 illi
665 3831 723 3912 qui
747 3830 907 3912 percussit
931 3827 1000 3913 [sic]
1033 3829 1175 3911 aliquem
1205 3850 1278 3893 oum

139 3917 264 3993 baculo,
279 3917 419 3994 cultello,
435 3918 488 3982 vel
509 3918 616 4000 gladio
639 3917 744 3980 solvat
766 3916 897 3979 domino
913 3915 955 3980 di.
970 3936 1065 3979 marc.
1110 3916 1154 3979 Et
1177 3917 1279 3979 eciam

139 4003 226 4085 quod
247 4005 399 4068 mulieres
421 4011 627 4086 compescant
648 4003 776 4086 linguas
799 4023 882 4078 suas,
897 4023 964 4065 non
985 4002 1206 4066 maledicendo
1221 4022 1279 4065 seu

138 4090 305 4173 litigando,
317 4092 377 4154 sub
391 4111 488 4174 poena
499 4092 544 4173 xij
558 4090 587 4155 d
603 4089 745 4154 solvend.
759 4110 817 4173 per
831 4091 922 4153 illam
934 4090 991 4172 qui
1007 4087 1076 4174 [sic]
1092 4089 1128 4151 in
1140 4088 1279 4152 deffectu

137 4198 171 4239 re
195 4178 303 4241 eritur.

172 4198 280 4327 Ι1111111.
327 4262 516 4346 Injunctum
547 4266 596 4326 est
632 4262 782 4327 omnibus
812 4270 876 4325 ten.
906 4260 995 4324 villae
1025 4260 1111 4343 quod
1141 4259 1280 4343 quilibet

137 4371 249 4414 eorum
276 4350 429 4414 claudant
454 4349 577 4434 gardin.
602 4353 733 4411 anteat
758 4355 842 4412 retro
865 4346 946 4410 citra
968 4347 1089 4410 festum
1112 4348 1142 4411 S.
1163 4346 1279 4411 Jacobi
