2970 4956
108 344 201 403 1358.
367 355 525 404 HALMOTA
541 357 722 405 PRIORATUS
738 355 979 404 DUNELMENSIS.
1201 345 1239 402 25

106 512 194 595 quod
223 512 267 575 sit
296 512 337 575 ad
366 512 500 576 liberam
530 514 652 577 curiam
682 513 722 576 ad
745 513 1002 596 respondendum
1032 513 1172 576 Domino
1203 512 1242 576 de

106 599 257 682 dampnis
283 598 378 662 factis
405 599 440 661 in
463 600 565 683 pratis
592 600 659 663 suis
682 649 688 663 .
713 649 719 663 .
743 649 750 663 .
773 600 986 682 innpingnare
1012 600 1179 663 voluit-
1192 600 1243 663 Da

106 685 271 748 Willelmo
287 685 459 767 Sohiphird
474 706 531 768 pro
543 685 794 769 transgressione
810 686 894 749 facta
909 687 944 748 in
956 686 1071 748 averiis
1083 687 1105 750 J
1107 685 1242 749 ohannis

107 773 210 854 Gryse
226 771 267 834 ad
281 772 458 854 dampnum
473 773 504 855 vj
521 773 691 854 garbarum
705 792 763 853 pro
778 772 898 835 bident'
921 821 928 834 .
951 821 958 834 .
982 822 988 834 .

151 859 272 922 Aeser.
318 859 368 922 Da
390 878 489 921 uxore
505 858 664 921 Willelmi
687 859 849 940 Husshep,
864 857 971 921 Aiicia
992 857 1052 920 filii
1075 857 1243 933 Johannis,

107 944 223 1007 Emma
238 943 361 1020 Souter,
376 945 398 1008 J
400 945 528 1008 ohanna
543 944 596 1008 del
612 945 725 1020 Chosc,
737 950 769 1007 et
785 944 899 1009 Sibilla
914 944 953 1008 (19
969 944 1100 1026 Bewyk,
1115 944 1243 1007 Matild’

107 1030 161 1093 del
182 1080 189 1093 .
213 1080 219 1094 .
243 1079 250 1094 .
273 1031 313 1094 (19
329 1031 474 1113 qualibet
489 1050 600 1095 corum
616 1051 673 1113 pro
688 1032 789 1095 assisa
803 1031 945 1094 cervisiae
960 1031 1060 1093 fracta
1077 1031 1125 1094 6d.

154 1207 246 1265 1358.
274 1202 466 1286 lli—[The
493 1204 585 1267 inner
610 1203 671 1267 roll
697 1205 732 1267 of
758 1203 814 1267 the
841 1203 939 1279 three,
965 1203 1140 1287 beginning
1163 1203 1243 1266 with

106 1288 303 1365 Wallesend,
319 1289 383 1352 and
399 1290 556 1353 therefore
571 1290 727 1373 probably
741 1290 871 1373 perfect,
887 1290 946 1353 but
960 1290 1129 1373 headless.]

151 1376 355 1439 MUNKETON.
411 1377 462 1439 De
488 1377 510 1440 J
513 1376 623 1439 uliana
648 1377 715 1439 filia
741 1377 901 1440 Johannis
924 1376 984 1439 filii
1006 1376 1164 1440 Wiilelmi
1186 1397 1243 1459 pro

107 1461 168 1525 lcir
189 1468 264 1525 ante
286 1462 408 1525 curiam
430 1462 684 1545 praecedentem:
710 1463 795 1545 Pleg.
813 1462 978 1526 Willelmo
1000 1463 1113 1539 Toller,
1138 1463 1187 1526 od.
1200 1501 1243 1510 -

106 1548 158 1611 De
173 1549 195 1612 J
197 1548 323 1612 ohanne
339 1548 378 1612 (19
389 1549 549 1632 Angirton
560 1549 636 1631 quia
650 1550 745 1632 fregit
760 1549 906 1613 clausum
917 1549 1051 1611 Domini
1062 1555 1096 1613 et
1110 1551 1245 1613 intravit

107 1655 239 1717 parcum
261 1635 404 1711 Domini,
424 1642 457 1698 et
479 1635 616 1698 succidit
639 1657 706 1698 xxx
726 1636 886 1717 juvcnnes
908 1635 1033 1698 arbores
1056 1637 1096 1700 de
1118 1636 1244 1700 fraxino

107 1770 114 1784 .
138 1771 144 1785 .
168 1770 175 1784 .
198 1741 318 1803 quercu
339 1728 435 1805 prout
457 1722 579 1784 fatetur
600 1722 653 1785 hic
676 1722 712 1783 in
738 1722 826 1785 curia
848 1728 882 1785 et
907 1720 993 1784 unde
1019 1723 1128 1804 posuit
1149 1743 1183 1787 sc
1207 1724 1243 1786 in

106 1807 212 1890 gracia
227 1808 381 1871 Domini:
404 1808 490 1891 Pleg.
506 1808 656 1871 dohanne
671 1808 810 1871 Debson.
835 1858 841 1872 .
865 1857 871 1871 .
895 1858 902 1871 .

152 1893 286 1957 Sarnus.
332 1894 488 1958 Ricardus
514 1894 553 1957 (19
578 1894 709 1957 Burden
732 1895 818 1977 cepit
843 1915 945 1958 unum
971 1893 1131 1977 cotagium
1157 1895 1244 1978 quod

107 1979 171 2042 fuit
190 1981 213 2044 J
215 1979 352 2043 ohannis
367 1982 477 2045 Jamcs
498 1986 531 2045 91
547 1981 633 2063 quod
652 1987 781 2064 captum
805 1987 854 2044 est
875 1981 910 2043 in
933 2002 1031 2044 manu
1053 1982 1186 2045 Domini
1206 2002 1243 2046 co

107 2065 195 2148 quod
220 2067 387 2130 Johannes
413 2067 603 2149 praedictum
625 2068 786 2150 cotaginm
812 2066 945 2150 reliquit
967 2074 1096 2131 vastum
1122 2069 1244 2150 absque

107 2152 270 2216 solucione
298 2153 398 2216 firmae
426 2174 484 2236 per
512 2174 615 2216 unum
644 2174 766 2217 annum
796 2159 829 2217 et
858 2154 1017 2236 amplius:
1047 2154 1181 2217 haband.
1212 2161 1245 2217 et

106 2238 235 2303 tenend.
251 2238 291 2302 ad
312 2246 401 2303 term.
417 2241 494 2304 vitae
510 2261 593 2303 suae:
615 2240 700 2304 redd.
717 2240 881 2322 antiquam
907 2240 1031 2303 firmam
1045 2245 1079 2303 et
1100 2239 1244 2304 faciendo

109 2325 196 2408 [etc]
241 2325 381 2408 Incipiet
411 2326 533 2391 solvere
562 2326 686 2390 firmam
716 2327 758 2389 ad
787 2328 907 2390 festum
936 2327 1031 2390 Mart.
1059 2346 1143 2390 anno
1166 2326 1244 2389 Dni.

108 2411 279 2475 millesimo
295 2413 442 2476 ccc¹¹¹⁰lix
459 2413 578 2476 G’s’ma
595 2419 637 2477 59.
682 2413 839 2497 [Observa
855 2413 910 2476 the
925 2413 1023 2496 year]

151 2499 392 2563 BYLLYNGHAM.
435 2500 486 2563 De
498 2501 520 2564 J
522 2500 648 2562 ohanna
658 2499 815 2582 Hardgill‚
824 2499 931 2562 Alicia
942 2499 995 2562 (191
1009 2500 1119 2575 Toron,
1130 2500 1246 2562 Emma

108 2583 161 2647 del
184 2581 344 2661 Penrawe,
359 2586 474 2649 Emma
497 2587 590 2669 Only,
608 2587 847 2661 braciatoribus‚
870 2585 946 2668 quia
969 2584 1085 2647 nolunt
1107 2585 1245 2649 vendere

108 2679 199 2734 extra
214 2672 344 2734 domum
360 2672 489 2754 quando
505 2672 696 2736 habuerint:
719 2679 750 2735 et
767 2673 869 2735 eciam
885 2672 961 2754 quia
975 2671 1088 2752 lagena
1103 2672 1245 2734 cervisiae

109 2764 199 2820 extra
208 2757 340 2821 domum
351 2759 482 2822 vendita
493 2780 551 2842 pro
562 2759 607 2842 jd.
621 2779 686 2822 non
697 2759 784 2821 valet
797 2759 864 2820 ob:
887 2763 919 2820 ct
933 2759 1034 2820 eciam
1046 2757 1122 2839 quia
1132 2757 1246 2840 lagena

110 2843 220 2926 (quam
235 2845 416 2928 interliacd)
435 2846 519 2909 infra
537 2846 667 2908 domum
683 2845 829 2906 vendunt
844 2863 901 2925 pro
912 2843 958 2925 jd.
974 2843 1033 2919 ob,
1049 2849 1145 2925 prout
1159 2862 1245 2906 com-

109 2938 236 3012 pertum
252 2939 300 2994 est
315 2951 371 3014 per
383 2933 454 3014 jur„
469 2933 504 2993 in
519 2952 600 3014 quos
617 2952 650 2994 se
665 2937 851 3013 posuerunt,
866 2930 905 2991 de
921 2929 1066 3012 quolibet
1083 2935 1126 2992 2s.

151 3017 453 3081 NEUTON-BEAULU.
499 3018 689 3100 injunctum
710 3023 759 3080 est
781 3016 928 3079 omnibus
950 3016 1135 3079 tenentibus
1157 3015 1245 3079 villas

110 3122 150 3166 nc
175 3103 248 3185 quis
275 3123 383 3166 corum
405 3110 510 3167 mutet
525 3111 642 3168 terram
665 3124 756 3167 suam
779 3124 853 3167 cum
875 3103 938 3166 alio
960 3103 1024 3166 nisi
1047 3124 1087 3165 ex
1110 3103 1246 3167 licencia

109 3189 204 3251 curiae
218 3190 279 3252 sub
294 3210 389 3272 poena
407 3195 449 3254 69.
467 3191 516 3254 8(1.

152 3275 333 3340 Hrsmnmr.
379 3277 544 3341 Gilbertus
559 3276 645 3341 filius
657 3276 815 3340 Wiilelmi
826 3277 865 3340 (19
878 3276 1035 3340 Hesilden
1047 3276 1132 3359 cepit
1143 3296 1245 3339 unum

110 3360 303 3444 bondagium
318 3363 479 3445 quondam
495 3364 529 3426 in
545 3369 659 3428 tenura
674 3364 841 3427 Eustachii
856 3364 896 3428 (19
918 3363 1093 3428 Hesilden:
1116 3362 1244 3426 tenend.

109 3448 149 3511 ad
164 3448 365 3513 voluntatem
388 3450 540 3513 Domini:
562 3449 647 3514 redd.
670 3451 773 3533 primo
796 3470 880 3513 anno
907 3456 970 3514 189.
987 3449 1027 3513 ad
1050 3450 1245 3513 scaccarium

110 3534 227 3597 Prioris
249 3540 282 3598 et
304 3543 471 3618 argentum
493 3537 627 3600 Terrarii
649 3546 683 3600 et
703 3543 814 3619 postea
829 3537 974 3619 quolibet
996 3555 1079 3598 anno
1094 3535 1136 3599 ad
1159 3556 1244 3599 scac-

110 3620 231 3682 carium
255 3625 320 3685 20s.
342 3628 376 3686 et
397 3629 563 3705 argentum
585 3623 720 3686 Terrarii
746 3643 912 3705 quousque
938 3623 1021 3686 alius
1043 3623 1166 3686 venerit
1188 3622 1246 3705 qui

111 3706 184 3787 plus
206 3726 263 3789 pro
290 3707 377 3770 dicta
398 3714 481 3771 terra
502 3710 555 3773 vel
577 3709 744 3791 antiquam
767 3709 892 3771 firmam
914 3709 989 3772 dare
1011 3709 1157 3772 voluerit.
1202 3710 1246 3771 Et

109 3794 269 3875 reparabit
283 3800 317 3857 et
332 3796 527 3858 sustentabit
541 3795 676 3858 aedificia
692 3794 772 3858 dicti
787 3794 939 3879 bondagii
960 3796 996 3857 in
1016 3801 1104 3858 statu
1119 3815 1244 3879 compe-

110 3879 191 3942 tenti
205 3880 361 3961 quamdiu
375 3880 500 3944 dictum
514 3881 707 3964 bondagium
724 3882 871 3944 tenuerit.
916 3882 959 3944 Et
973 3881 1107 3963 incipiet
1123 3880 1245 3945 solvere

110 3965 233 4028 firmam
248 3966 289 4029 ad
312 3967 402 4030 Pent.
424 3983 485 4031 xo.
509 3973 577 4043 etc,
600 3967 804 4050 sexagesimo.
851 3968 893 4031 Et
915 3967 1121 4031 licenciatum
1144 3973 1193 4030 est
1215 3968 1245 4031 ei

110 4070 165 4131 per
175 4053 353 4116 Terrarium
365 4054 521 4117 seminare
533 4054 613 4118 duas
624 4074 712 4117 acras
728 4053 767 4117 de
779 4053 930 4136 praedicta
944 4059 1027 4117 terra
1039 4074 1113 4117 cum
1124 4053 1245 4116 semine

110 4137 232 4201 vernali
253 4139 359 4202 medio
374 4147 524 4222 tempore.
569 4141 654 4203 Etsi
675 4139 783 4222 plures
806 4160 893 4203 acras
916 4140 1121 4202 seminaverit
1142 4138 1246 4202 solvet

109 4242 165 4304 pro
180 4223 301 4287 eisdem
316 4244 371 4306 pro
387 4225 568 4309 quantitate
590 4227 764 4290 earundem
779 4226 820 4289 ad
841 4226 924 4289 19919
946 4225 1036 4287 Pent.
1053 4231 1085 4288 et
1109 4224 1246 4286 Martini

108 4325 168 4373 an.
186 4315 245 4374 etc.
261 4309 317 4373 lix.
335 4312 420 4396 Pleg.
438 4309 527 4395 [etc]
