2970 4956
171 373 264 430 1296.
435 381 594 429 Hannone
608 380 788 428 Paroulrus
803 381 1042 430 connumerare.
1283 370 1300 430 7

213 541 409 603 Pronoean
424 538 519 602 istius
533 538 631 602 rotuli
646 558 686 601 ex
702 543 837 620 utraque
851 544 942 621 parte
959 538 1040 603 asli.
1060 542 1124 604 171.
1142 540 1191 603 611.

210 717 303 776 1296.
319 713 571 776 Ill-Tractus
586 710 1148 786 1111111111,111,11011111111
1164 712 1299 797 S[1rxr1].

169 799 326 862 Halmota
350 803 441 863 tenta
466 798 552 881 apud
576 797 734 860 Hesilden
755 797 808 861 die
824 798 923 860 Lunae
943 798 1037 881 [Mar.
1060 798 1092 881 4]
1115 819 1203 881 prox.
1226 806 1302 864 ante

169 886 291 950 festum
322 886 512 949 Sanctarum
541 885 707 966 Perpetuae
742 890 775 946 et
807 883 983 948 Felicitatis
1010 885 1104 967 [Mar.
1136 885 1179 968 7],
1209 906 1302 963 anno,

168 977 238 1048 etc„
253 971 450 1054 nonagesimi
465 971 586 1053 s[exti].
633 970 792 1053 [laesa]

125 1093 128 1098 -
214 1059 396 1122 Husrnonrr.
441 1058 600 1120 Robertus
615 1056 654 1120 de
668 1057 790 1120 Dalton
806 1056 893 1139 oepit
913 1057 1033 1120 toftum
1054 1064 1087 1121 et
1108 1058 1302 1142 bondagium

169 1144 259 1227 quod
269 1145 424 1227 Hawysia
443 1143 554 1207 relicta
569 1143 727 1207 <Iohannis
742 1143 802 1205 filii
816 1143 947 1206 Roberti
962 1143 1002 1206 de
1016 1144 1174 1208 Hesilden
1188 1145 1303 1222 tenuit,
1431 1168 1434 1176 ·

169 1231 258 1314 quod
272 1230 401 1313 quidem
416 1229 610 1313 bondagium
626 1229 679 1312 [c]
696 1231 897 1305 seminatum,
912 1250 986 1293 cum
1000 1251 1065 1294 uno
1080 1251 1161 1313 equo
1177 1236 1210 1294 et
1225 1232 1302 1294 duo-

170 1318 233 1380 bus
242 1318 352 1393 bobus,
365 1322 397 1381 et
406 1316 496 1380 dabit
506 1317 546 1378 ad
555 1317 744 1399 g’summam
752 1336 781 1380 v.
792 1337 923 1393 marcas,
937 1317 1091 1381 videlicet
1105 1338 1161 1400 pro
1176 1318 1303 1400 proprio

171 1403 236 1467 fine
252 1409 327 1480 40s,
342 1409 376 1466 et
390 1424 447 1486 pro
470 1452 477 1465 .
501 1453 507 1466 .
532 1453 538 1466 .
562 1423 577 1465 r
592 1401 671 1483 [The
682 1402 743 1465 roll
754 1403 782 1465 is
794 1402 934 1486 decayed
949 1403 1032 1479 here,
1043 1404 1103 1466 but
1114 1404 1302 1488 apparently

171 1489 229 1553 the
254 1489 341 1552 word
366 1490 395 1553 is
420 1489 483 1553 ior’
498 1515 529 1540 =
539 1490 621 1571 jure.
666 1489 732 1552 The
762 1490 832 1551 first
857 1490 964 1553 stroke
991 1491 1026 1553 of
1049 1510 1068 1552 a
1088 1512 1114 1572 p
1141 1510 1243 1555 seems
1269 1497 1303 1554 to

171 1575 290 1652 follow,
304 1577 364 1639 but
378 1575 459 1639 with
481 1576 640 1639 sufficient
662 1595 756 1658 space
778 1576 860 1638 after
881 1576 909 1639 it
929 1581 963 1638 to
985 1575 1068 1640 have
1090 1576 1225 1640 allowed
1232 1578 1304 1659 fate

173 1662 294 1745 (which
323 1662 435 1746 begins
462 1662 517 1726 the
546 1667 625 1725 next
654 1661 733 1745 line)
764 1667 797 1724 to
826 1661 909 1726 have
938 1662 1099 1749 followed]
1129 1714 1197 1728 ...
1228 1665 1303 1728 fatae

173 1749 337 1830 Hawysiae
353 1751 372 1812 2
388 1769 527 1812 marcas:
550 1747 701 1812 solvendo
713 1747 897 1830 praedictam
912 1750 1080 1830 pecuniam
1096 1749 1137 1812 ad
1151 1750 1303 1814 terminos

172 1835 377 1918 subscriptos,
391 1835 543 1899 videlicet
562 1835 602 1898 ad
617 1835 741 1897 Pascha
756 1854 848 1910 anno,
864 1839 931 1911 eto,
946 1836 1150 1920 nonagesimo
1166 1839 1304 1920 septimo

172 1941 271 1984 unam
300 1942 448 1997 marcam,
477 1922 519 1985 ad
547 1923 667 1984 festum
695 1921 731 1984 B.
761 1922 784 1984 J
786 1921 920 1985 ohannis
953 1943 1052 1985 unam
1084 1944 1233 2001 marcam,
1263 1923 1304 1986 ad

171 2007 291 2071 festum
316 2008 352 2072 B.
375 2008 545 2072 Michaelis
567 2028 666 2070 unam
689 2028 836 2083 marcam,
858 2008 899 2071 ad
921 2009 1183 2074 Purificacionem
1204 2031 1304 2073 unam

171 2114 321 2171 marcam,
343 2100 377 2158 et
398 2094 439 2157 ad
460 2096 579 2158 festum
605 2094 853 2170 Purifieacionis‚
875 2096 981 2178 a[nno‚
1004 2095 1076 2178 etc]
1099 2098 1305 2179 nonagesimo

172 2185 284 2244 octavo
306 2201 406 2243 unam
427 2201 574 2244 marcam.
619 2181 662 2243 Et
683 2201 740 2262 pro
762 2181 865 2244 tribus
888 2182 968 2245 acris
990 2188 1024 2246 et
1045 2183 1086 2246 di.
1102 2203 1195 2246 novae
1212 2189 1304 2246 terrae

172 2266 263 2331 dabit
283 2268 409 2330 firmam
433 2268 595 2331 Scaccario
617 2272 650 2330 et
672 2268 803 2331 Granar’
827 2268 953 2330 Dunlm
975 2319 982 2332 .
1006 2319 1012 2333 .
1036 2271 1122 2333 ,111
1145 2269 1305 2352 praedictae

173 2353 417 2436 Hawysiae.-.
442 2404 449 2418 .
472 2406 479 2418 .
503 2353 617 2436 [There
637 2374 738 2417 seems
760 2358 794 2417 to
816 2354 855 2418 be
877 2353 933 2418 the
955 2375 1048 2418 name
1063 2356 1099 2418 of
1111 2375 1130 2418 a
1143 2356 1305 2438 township

172 2440 208 2503 in
230 2440 286 2504 the
300 2440 425 2524 margin
439 2441 584 2523 opposite
606 2460 693 2503 some
714 2442 863 2524 previous
885 2442 1002 2505 entries
1024 2442 1060 2505 of
1078 2442 1222 2520 offences,
1241 2441 1306 2506 and
1356 2475 1359 2480 ·

172 2526 201 2591 it
229 2527 419 2609 apparently
444 2527 522 2590 ends
551 2527 587 2589 in
616 2527 699 2590 hom.
747 2527 811 2590 Yet
840 2527 1037 2611 Billingham
1066 2547 1176 2592 occurs
1209 2529 1306 2592 after-

172 2613 299 2696 wards]
344 2612 507 2678 Walterus
529 2613 594 2696 Ieg
615 2613 700 2696 cepit
720 2633 824 2677 unum
845 2614 964 2677 toftum
979 2620 1012 2677 et
1032 2614 1077 2695 xij
1102 2635 1190 2678 acras
1215 2620 1306 2679 terrae

173 2720 254 2783 quas
279 2699 441 2763 Walterus
468 2700 507 2763 de
533 2700 677 2764 Massam
697 2700 812 2776 tenuit,
837 2699 923 2763 redd.
946 2720 977 2782 p.
996 2720 1022 2763 1.
1046 2704 1119 2775 lta,
1145 2706 1178 2763 et
1203 2701 1307 2764 solvet

174 2837 181 2851 .
205 2837 212 2851 .
236 2837 243 2850 .
266 2786 307 2849 ad
322 2787 499 2850 Pentecost.
523 2807 615 2862 anno,
637 2793 705 2862 etc,
727 2786 932 2869 nonagesimo
949 2786 1306 2869 octavo—Gregorius
1336 2847 1339 2853 .

174 2872 335 2937 Neubond
350 2874 444 2956 cepit,
458 2873 499 2936 ad
514 2874 688 2936 terminum
702 2873 778 2935 vitae
801 2892 876 2947 sua,
894 2870 1088 2953 bondagium
1101 2871 1187 2953 quod
1202 2872 1306 2936 Alicia

174 2980 256 3022 uxor
277 2979 335 3022 sua
356 2960 445 3044 prius
466 2959 635 3034 habitavit,
655 2957 742 3041 quod
761 2959 846 3041 cepit
868 2958 1071 3034 seminatum,
1093 2978 1165 3021 cum
1187 2959 1200 3042 j
1224 2978 1307 3042 equo

174 3051 208 3108 et
222 3045 345 3110 duobus
369 3097 375 3110 .
400 3097 406 3110 .
430 3096 437 3110 .
460 3066 581 3110 marcas
597 3045 765 3109 solvendas
781 3045 821 3107 ad
835 3045 988 3108 terminos
1003 3045 1208 3127 subscriptos,
1217 3045 1307 3111 vide-

174 3132 251 3195 licet
273 3133 313 3196 ad
335 3133 455 3196 festum
477 3133 512 3197 B.
535 3132 623 3196 Petri
645 3131 686 3194 ad
701 3132 841 3195 Vincula
863 3133 876 3215 j
902 3151 1050 3208 marcam,
1072 3132 1113 3195 ad
1135 3132 1255 3196 festum
1274 3133 1304 3197 S.

175 3218 345 3301 Martinij
371 3271 376 3283 .
401 3270 407 3283 .
432 3269 448 3295 .,
471 3219 573 3302 [room
602 3219 651 3283 for
679 3219 812 3282 another
841 3219 964 3282 similar
995 3219 1172 3302 payment],
1204 3225 1237 3282 et
1266 3220 1308 3283 ad

175 3304 322 3388 Paschaj
338 3326 486 3370 marcam.
498 3345 542 3354 -
553 3306 792 3370 Incrementum
809 3311 853 3370 5s.
868 3304 1052 3369 Willelmus
1075 3305 1160 3369 filius
1178 3305 1307 3369 Thomas

176 3390 215 3455 de
231 3390 378 3474 Slaueley
393 3393 480 3475 cepit
493 3413 595 3455 unum
617 3393 734 3455 toftum
751 3398 784 3456 et
799 3413 843 3455 xv
865 3412 952 3455 acras
973 3396 1073 3467 terra,
1088 3413 1186 3455 unam
1202 3412 1307 3455 acram

175 3484 208 3540 et
222 3476 265 3542 di.
280 3479 365 3560 prati
386 3478 426 3542 de
441 3485 525 3542 terra
540 3499 637 3561 quam
651 3478 835 3543 Willelmus
852 3478 890 3541 de
913 3529 919 3542 .
944 3529 950 3541 .
974 3528 981 3540 .
1004 3479 1120 3555 tenuit,
1134 3477 1221 3542 redd.
1237 3498 1266 3560 p.
1280 3499 1306 3542 a.

178 3567 242 3628 111.
272 3584 329 3646 pro
359 3565 525 3644 omnibus3
555 3565 707 3628 solvendo
737 3565 873 3647 primam
903 3565 1027 3626 firmam
1056 3564 1098 3627 ad
1127 3565 1245 3627 festum
1276 3565 1307 3629 S.

176 3648 312 3712 Martini
325 3650 361 3713 in
375 3650 499 3734 hyeme,
513 3671 607 3727 anne,
622 3657 689 3727 etc„
705 3652 908 3734 nonagesimo
924 3650 1068 3733 septimo,

219 3737 344 3801 emor.
388 3738 412 3802 J
413 3736 554 3801 ohannes
569 3738 654 3801 filius
677 3738 793 3820 Rogeri
810 3737 897 3818 cepit
917 3739 1036 3800 toftum
1058 3743 1091 3800 et
1112 3737 1308 3820 bondagium

176 3822 300 3885 nudum
315 3824 384 3887 sine
399 3844 480 3906 equo
496 3830 529 3888 et
542 3824 632 3900 bove,
655 3829 689 3887 et
705 3844 804 3886 unam
826 3823 962 3887 salinam
984 3824 1070 3905 quod
1085 3824 1215 3906 quidem
1230 3826 1309 3888 hon-

174 3908 305 3992 dagium
316 3915 418 3974 mater
428 3912 497 3994 ejus
508 3911 623 3986 tenuit,
636 3916 669 3974 et
678 3910 770 3981 ¹dabit
781 3910 921 3973 Domino
933 3910 1036 3973 Priori
1051 3909 1144 3993 d[uas
1155 3911 1310 3994 mar]cas:

175 3995 353 4078 solvendoj
370 4017 509 4060 marcam
531 3996 572 4059 ad
587 3997 677 4060 Pent.
694 4017 786 4073 anno,
805 4002 874 4073 etc,
888 3997 1094 4080 nonagesimo
1116 3997 1261 4079 septimo,
1276 4003 1310 4060 et

175 4082 216 4144 ad
238 4082 358 4146 festum
380 4084 416 4147 B.
432 4083 602 4146 Michaelis
624 4104 711 4166 prou.
735 4103 871 4166 sequens
893 4104 986 4159 anno,
1007 4088 1076 4158 etc,
1096 4084 1110 4164 j
1141 4083 1308 4166 m[arcam]

174 4168 400 4232 ...servicia
429 4170 537 4233 debita
561 4177 594 4234 et
623 4169 1027 4233 consueta-willelmus
1057 4167 1143 4231 filius
1172 4170 1310 4251 Agnetis

174 4254 266 4316 venit
288 4261 321 4317 11
334 4255 473 4319 reddidit
494 4256 635 4318 Domino
658 4254 760 4317 Priori
775 4256 935 4336 quoddam
957 4253 1151 4334 bondagium
1165 4259 1198 4317 et
1212 4275 1310 4317 unam

175 4340 312 4404 salinam
341 4361 412 4423 quae
442 4343 481 4406 de
511 4363 547 4406 eo
576 4341 690 4406 tenuit.
737 4338 830 4414 Quod
859 4340 989 4423 quidem
1021 4337 1242 4422 [bondagium]
1278 4347 1312 4404 et
