2970 4956
82 352 93 361 ‘
170 343 262 401 1345.
432 350 589 398 HALMO'I'A
604 350 783 398 PRIORATUS
799 351 1037 401 DUNELMENSIS.
1261 340 1298 398 15

167 517 227 575 eto.
244 510 339 593 xxiij⁰
364 509 400 571 in
426 508 514 572 111111
536 527 661 571 sursum
688 507 827 570 reddidit
849 509 1018 591 praedictas
1040 509 1076 572 xl
1098 529 1186 572 acras
1212 509 1301 572 etin

169 597 281 661 eadem
296 595 385 659 curia
400 595 439 658 de
454 615 537 658 novo
553 594 639 676 cepit
653 594 727 657 illas
742 595 799 677 xlij
813 615 900 658 acras
923 601 955 658 et
976 616 1079 659 unum
1100 596 1301 679 mesuagium

169 690 202 747 et
217 683 274 746 xix
290 702 377 746 acras
393 701 472 764 quas
487 680 585 763 Hugo
597 680 747 744 Colstane
761 681 851 763 prius
862 683 987 744 tenuit:
1009 683 1093 746 redd.
1109 702 1166 765 per
1180 702 1302 745 annum

172 776 238 834 401.
264 789 321 853 pro
347 768 465 851 quibus
490 766 653 849 mesuagio
679 767 735 850 [et]
761 767 820 830 xix
844 768 924 830 acris
951 768 1056 832 dictus
1082 769 1179 851 Hugo
1205 768 1303 832 solvit

170 855 339 920 annuatim
357 860 422 918 221.
437 854 506 917 rod.
520 853 567 916 ob.
581 859 612 916 et
624 873 689 915 non
701 852 756 915 dat
767 874 939 937 gressmam
950 855 1026 937 quia
1041 854 1170 918 deberet
1181 854 1303 918 solvere

169 943 306 1026 primam
328 941 454 1004 firmam
468 939 509 1003 ad
524 941 615 1003 Pent.
630 959 719 1022 prox.
736 939 889 1003 futurum.
934 941 1027 1003 Idem
1044 941 1079 1003 in
1093 941 1192 1004 tercio
1206 947 1302 1004 turno

171 1029 314 1092 Halmot.
358 1028 456 1090 Anno
471 1025 605 1089 Domini
619 1025 791 1089 millesimo
814 1034 904 1090 ccc¹¹²⁰
918 1027 1037 1110 xxviij⁰
1052 1027 1160 1110 oepitj
1178 1048 1304 1091 mesua-

171 1116 262 1199 gium
278 1115 324 1198 (et
338 1114 373 1197 iij
390 1133 478 1177 11111
493 1119 585 1176 terrae
607 1113 788 1196 teterlincd)
805 1113 891 1195 quod
906 1112 1091 1176 Willelmus
1114 1114 1211 1177 frater
1232 1114 1303 1196 ejus

171 1202 263 1286 prius
278 1201 403 1278 tenuit3
424 1199 509 1263 redd.
525 1219 718 1282 perannum
743 1199 814 1265 lad.
831 1207 965 1283 gressml
982 1205 1024 1262 2s.
1038 1206 1071 1264 et
1085 1199 1167 1262 illud
1177 1220 1303 1263 mesua-

171 1288 260 1372 gium
274 1286 415 1351 vastavit
439 1293 472 1349 et
492 1285 680 1348 memmium
702 1287 878 1368 asportavit
900 1291 933 1349 et
955 1285 1126 1349 aedificavit
1147 1286 1181 1348 in
1203 1285 1303 1350 libero

171 1380 355 1438 tenemento
370 1393 428 1436 suo
443 1371 530 1455 apud
545 1371 794 1436 Scotteshouses.
832 1373 925 1435 Idem
939 1373 975 1434 in
989 1373 1094 1455 primo
1109 1377 1204 1435 turno
1219 1392 1303 1436 anno

172 1461 308 1524 Domini
332 1459 505 1523 millesimo
531 1465 621 1521 ccc¹¹²⁰
642 1459 722 1521 xxix
748 1460 834 1541 cepit
857 1459 892 1521 ix
918 1479 1006 1522 acras
1033 1479 1112 1540 quas
1137 1459 1160 1522 J
1162 1459 1304 1522 ohannes

173 1548 272 1630 Hyne
286 1546 375 1630 prius
389 1545 516 1609 tenuit:
541 1544 627 1607 redd’
643 1565 701 1627 per
714 1546 834 1628 primos
849 1549 914 1608 tres
929 1565 1030 1608 annos
1045 1565 1103 1628 pro
1118 1565 1190 1608 1111
1207 1546 1256 1609 od.
1272 1551 1305 1609 et

172 1654 231 1717 per
252 1633 330 1696 alios
352 1639 416 1696 tres
439 1651 539 1695 annos
562 1636 731 1714 sequentes
753 1652 810 1714 pro
832 1652 904 1694 acra
928 1632 986 1710 8d.,
1003 1638 1036 1695 et
1057 1636 1132 1714 post
1150 1631 1223 1695 illos
1246 1652 1304 1695 sex

173 1740 274 1784 annos
289 1739 346 1802 pro
362 1739 434 1782 acra
451 1717 521 1780 rad.

217 1807 310 1870 Terra
325 1825 421 1888 quam
437 1804 499 1867 sibi
514 1805 682 1887 usurpavit
696 1809 729 1866 et
744 1804 848 1868 adhuc
871 1810 1005 1887 occupat
1027 1804 1096 1868 sine
1119 1804 1304 1868 dimissione

174 1892 311 1975 alicujus
331 1891 462 1954 terrarii.
508 1891 601 1953 Idem
624 1898 759 1972 occupat
780 1892 815 1974 iij
840 1911 926 1954 11111
942 1897 1033 1954 terrae
1056 1912 1131 1955 oum
1152 1890 1304 1974 praedicto

174 1978 336 2062 mesuagio
351 1977 420 2041 sine
436 1977 622 2041 dimissione
637 1978 773 2059 alicujus
788 1978 912 2040 terrarii
933 1998 989 2060 pro
1013 1998 1076 2060 quo
1091 1978 1253 2060 mesuagio
1268 1978 1302 2060 iij

174 2065 256 2129 acris
278 2071 370 2129 terrae
385 2070 418 2127 et
433 2062 505 2126 aliis
520 2063 555 2147 iij
572 2064 653 2127 aeris
668 2063 709 2126 di.
726 2065 761 2127 in
775 2064 807 2128 le
825 2064 1105 2129 Munketonbroke
1120 2064 1305 2128 Witlelmus

175 2152 272 2215 frater
296 2170 374 2214 suus
400 2149 539 2214 reddidit
564 2171 621 2232 per
650 2171 770 2213 annum
799 2156 842 2213 31.
868 2151 917 2214 4d.
963 2151 1055 2214 Idem
1080 2151 1249 2233 usurpavit
1274 2154 1321 2213 et=

176 2242 311 2320 occupat
330 2237 364 2320 iij
382 2257 470 2300 acras
484 2237 520 2298 in
541 2236 572 2300 le
594 2237 681 2300 Brok
695 2258 776 2319 quas
797 2238 921 2320 Aydyn
943 2237 1029 2300 filius
1046 2237 1168 2301 Sibillae
1182 2237 1307 2321 primus

175 2325 282 2387 tenuit
297 2329 330 2387 et
349 2329 414 2386 tres
434 2343 522 2386 acras
544 2344 623 2406 quas
645 2325 807 2388 Walterus
829 2324 915 2387 filius
938 2324 1069 2387 Roberti
1084 2324 1173 2406 prius
1188 2322 1304 2386 tenuit.

177 2411 270 2474 Idem
292 2409 460 2493 usurpavit
482 2414 515 2473 et
536 2417 671 2492 occupat
693 2433 712 2475 a
733 2417 876 2494 tempore
891 2411 1022 2474 Roberti
1044 2410 1083 2473 de
1106 2409 1307 2474 Middelham

177 2497 313 2560 bursarii
322 2497 391 2579 xiiij
409 2516 498 2559 11111
508 2502 600 2560 terrae
609 2517 689 2579 quas
698 2498 806 2582 Agnes
821 2497 932 2561 relicta
946 2496 1083 2574 Walteri
1097 2497 1186 2579 prius
1201 2496 1306 2559 tenuit

177 2587 211 2646 et
225 2603 352 2653 sursum
367 2582 508 2645 reddidit
524 2582 594 2666 (pro
609 2584 726 2665 quibus
741 2584 921 2668 intertincti)
940 2583 1037 2646 solvit
1052 2583 1092 2646 ad
1106 2582 1307 2645 voluntatem

180 2675 223 2733 8s.
249 2689 321 2752 quae
350 2669 496 2732 solebant
521 2669 651 2733 reddere
677 2671 880 2752 intempore
907 2670 1001 2733 dictae
1024 2669 1159 2752 Agnetis
1188 2671 1232 2731 71.
1257 2667 1306 2735 od.

178 2756 270 2819 Idem
285 2755 454 2839 usurpavit
472 2756 485 2838 j
509 2756 619 2819 rodam
639 2763 732 2820 terrae
752 2757 775 2820 J
776 2755 911 2819 ohannis
926 2755 985 2817 filii
1001 2755 1136 2817 Walteri
1159 2759 1191 2816 et
1213 2752 1309 2820 aliam

178 2842 289 2905 rodam
309 2848 402 2904 terrae
416 2843 439 2906 J
440 2842 576 2905 ohannis
596 2843 656 2905 filii
671 2843 800 2906 Ricardi
814 2863 871 2924 per
887 2842 931 2924 xij
949 2860 1049 2904 annos
1064 2859 1159 2922 super
1174 2839 1309 2922 Sharpe-

180 2935 278 2992 stane.
335 2927 428 2991 Idem
452 2929 621 3011 usurpavit
650 2928 691 2991 di.
718 2928 803 2992 rodae
832 2934 923 2992 terrae
952 2927 1032 2990 dicti
1060 2926 1220 2992 Iohannis
1249 2925 1311 2988 filii

180 3014 310 3078 Ricardi
329 3015 488 3097 jacentem
504 3035 545 3078 ex
566 3021 657 3097 parte
672 3015 792 3078 boreali
806 3014 932 3098 gardini
947 3014 969 3077 J
971 3014 1106 3077 ohannis
1122 3013 1239 3077 Clerici
1253 3033 1311 3096 per

180 3121 283 3164 unum
298 3121 428 3164 annum.
444 3143 449 3154 .
473 3100 566 3164 Idem
581 3102 750 3184 usurpavit
765 3102 806 3165 di.
821 3122 901 3165 11111
922 3107 1015 3165 terrae
1033 3101 1193 3184 jacentem
1216 3120 1312 3182 super

179 3187 211 3252 le
227 3186 442 3271 Oouenthugh
457 3208 514 3269 per
529 3187 608 3270 xviij
626 3208 726 3252 annos
741 3209 813 3271 quae
832 3188 1014 3270 antiquitus
1028 3187 1210 3270 pertinebat
1225 3187 1264 3250 ad
1280 3187 1311 3250 le

181 3273 390 3338 Oouentland.
451 3274 543 3337 Idem
573 3275 742 3358 usurpavit
766 3295 865 3338 11111111
893 3274 1004 3338 rodam
1033 3279 1125 3337 terrae
1151 3274 1312 3356 jacentem

181 3381 277 3443 super
308 3360 517 3444 Rougkakers
550 3381 608 3443 per
641 3362 696 3445 xvj
731 3382 841 3425 annos.
901 3361 994 3424 Idem
1027 3365 1117 3425 tenet
1151 3360 1191 3423 de
1227 3366 1312 3422 terra

183 3447 296 3531 (Petri)
309 3447 410 3530 patris
422 3447 473 3510 sui
483 3467 525 3510 ex
539 3448 673 3531 antiquo
687 3449 807 3511 toftum
822 3455 855 3511 et
865 3447 957 3530 xxiiij
975 3466 1062 3510 11111
1074 3451 1166 3510 terrae
1180 3451 1214 3508 et
1223 3445 1310 3508 redd.

180 3553 210 3616 p.
226 3554 252 3597 1.
270 3539 313 3597 31.
331 3533 396 3616 (td.
411 3535 591 3616 latentioed)
609 3542 642 3599 et
657 3535 792 3598 servicia
806 3534 914 3598 debita
929 3534 985 3596 sed
1008 3533 1146 3597 oroftum
1161 3531 1313 3594 abuttans

182 3639 278 3702 super
291 3619 461 3702 gardinum
471 3627 583 3684 versus
599 3641 716 3704 aquam
731 3621 888 3703 pertinuit
903 3620 943 3683 ab
958 3620 1091 3702 antiquo
1107 3617 1148 3681 ad
1162 3618 1314 3693 Priorem,

182 3707 238 3769 sed
252 3725 340 3768 nunc
362 3713 412 3770 est
432 3705 640 3790 iucognItum.
685 3708 768 3770 Item
792 3707 871 3771 emit
895 3706 935 3769 de
958 3706 1107 3769 dohanne
1130 3704 1253 3768 Clerico
1274 3703 1314 3767 de

181 3791 377 3856 Hethworth
391 3814 414 3855 x
428 3813 516 3856 acras
532 3793 571 3857 de
592 3814 675 3856 nova
695 3793 838 3856 frussura
859 3793 895 3855 in
909 3812 997 3855 mora
1012 3798 1044 3856 et
1058 3790 1164 3855 reddit
1178 3810 1208 3873 p.
1224 3811 1251 3854 a.
1269 3797 1314 3854 51.

183 3884 215 3942 et
229 3878 370 3942 creditur
384 3878 470 3961 quod
481 3880 503 3943 J
505 3880 646 3943 ohannes
662 3879 804 3943 Clericus
815 3879 921 3942 tenuit
931 3879 1029 3942 istam
1043 3899 1100 3960 per
1114 3877 1315 3961 cirograffum

183 3971 216 4028 et
229 3965 302 4029 ideo
323 3964 512 4048 inquiratur.
557 3967 642 4030 Item
664 3971 753 4030 tenet
774 3986 864 4028 xxxv
881 3964 1055 4048 (quondam
1076 3964 1112 4026 xl
1133 3963 1314 4046 latcrlc'aed)

184 4071 271 4115 11111
289 4051 329 4114 de
343 4057 427 4115 terra
447 4052 609 4134 quondam
632 4052 747 4135 Rogeri
764 4053 947 4135 Fraunceys
969 4057 1002 4115 et
1024 4050 1129 4114 reddit
1144 4071 1173 4132 p.
1190 4070 1216 4112 1.
1244 4048 1314 4112 lad.

184 4136 235 4200 De
260 4138 386 4223 quibus
400 4137 444 4220 vij
473 4158 552 4201 aorae
578 4139 781 4221 assignantur
803 4137 956 4200 luminari
982 4138 1107 4201 Sanctae
1133 4135 1246 4198 Mariae
1276 4135 1315 4198 de

184 4223 291 4287 darow
305 4244 364 4306 per
376 4223 566 4307 praedictum
581 4226 741 4306 Rogemm
756 4231 788 4288 et
802 4229 947 4287 tenentes
959 4223 998 4287 de
1011 4221 1206 4285 Hedeworth
1222 4226 1313 4283 tenu-

186 4315 278 4374 eruut
293 4311 396 4374 dictas
410 4309 455 4392 vij
472 4330 559 4374 acras
574 4315 608 4373 et
622 4309 829 4374 reddiderunt
840 4330 897 4392 pro
912 4329 985 4372 acra
1002 4307 1072 4370 10d.
1088 4314 1120 4370 et
1133 4308 1203 4389 ipse
1214 4305 1316 4369 nichil
1363 4310 1364 4313 ’
