2970 4956
173 359 268 420 1296.
431 373 587 423 unuuorn
601 343 782 424 caicamus
798 377 1038 426 crusculorum.
1284 364 1302 421 9

168 528 386 611 Wynelisdon
405 535 494 596 tenet
513 538 606 616 capta
628 541 677 598 est
700 532 768 618 [sic]
791 534 826 597 in
848 534 932 597 man’
948 534 1090 612 Domini,
1112 535 1190 598 Post
1204 533 1302 598 venit.

168 617 388 681 --Walterus
403 619 525 683 Garton
541 620 642 684 Sibill'
659 621 727 704 [oio]
748 622 834 703 oepit
857 621 926 703 [oio]
943 643 973 685 v.
996 642 1083 685 acras
1104 629 1196 687 terrae
1217 622 1252 683 in
1272 621 1303 684 le

169 702 319 767 Ootmore
334 724 414 786 quas
429 705 613 770 Willelmus
628 707 729 770 Faber
743 708 870 785 tenuit;
894 707 979 770 redd.
994 729 1051 789 pro
1066 708 1210 790 qualibet
1231 728 1304 771 acra

172 789 253 865 10d.,
268 796 301 854 et
315 791 419 854 solvet
433 792 570 873 primam
584 793 708 856 firmam
730 793 771 856 ad
793 794 911 856 festum
928 794 958 858 S.
975 794 1106 856 Martini
1120 815 1212 869 anno,
1234 800 1303 869 etc,

168 876 374 959 nonagesimo
404 879 549 960 septimo,
581 900 678 961 quam
707 888 825 943 terram
855 880 940 962 cepit
968 880 1009 942 ad
1041 886 1131 944 term.
1160 881 1246 943 vitae.
1259 913 1302 926 -

168 961 335 1027 Johannes
357 963 397 1027 de
418 965 483 1048 Ely
505 972 537 1029 et
559 966 742 1030 Willelmus
764 966 867 1028 Faber
888 971 1041 1048 ceperunt
1055 966 1096 1036 ad
1118 972 1208 1029 term.
1226 967 1302 1029 vitae

168 1068 227 1112 sex
252 1069 340 1113 acras
365 1056 458 1114 terrae
486 1052 522 1114 in
550 1051 582 1116 le
609 1053 755 1116 Ootmore
782 1073 862 1135 quas
888 1053 1051 1116 Walterus
1077 1052 1164 1115 filius
1193 1053 1303 1116 Penne

168 1135 293 1214 tenuit3
314 1136 400 1200 redd.
423 1138 560 1220 primam
574 1136 699 1201 'firmam
714 1139 755 1202 ad
769 1139 888 1202 festum
911 1139 941 1202 S.
964 1139 1099 1202 Martini
1114 1159 1208 1213 anno,
1234 1145 1302 1214 etc,

169 1222 375 1305 nonagesimo
390 1225 535 1306 septimo,
551 1230 583 1288 et
598 1225 700 1289 solvet
721 1245 778 1308 pro
794 1225 937 1308 qualibet
958 1246 1030 1288 acra
1048 1225 1118 1288 lOd.
1129 1225 1214 1287 —N
1215 1224 1301 1288 icho

168 1306 241 1371 laus
262 1308 349 1372 filius
373 1309 529 1394 Stephani
551 1311 635 1393 cepit
657 1312 698 1374 ad
720 1318 810 1375 term.
825 1313 901 1374 vitae
915 1332 982 1374 suae
1000 1312 1079 1375 duas
1102 1331 1189 1374 acras
1205 1318 1237 1375 et
1259 1311 1301 1375 di’

168 1394 206 1456 in
219 1394 250 1457 le
266 1395 432 1476 Ootmore;
456 1397 543 1460 redd.
558 1419 615 1480 pro
630 1398 774 1481 qualibet
789 1419 861 1461 acra
879 1398 949 1461 lod.

213 1481 416 1547 Muussrrou.
463 1483 647 1547 Willelmus
672 1484 759 1548 filius
784 1486 807 1549 J
809 1484 858 1548 oh.
885 1485 970 1566 oepit
994 1483 1189 1566 bondagium
1215 1484 1300 1566 quod

169 1572 261 1650 pater
275 1588 353 1632 suus
376 1569 490 1646 tenuit,
506 1571 707 1647 seminatum,
723 1591 797 1634 oum
812 1568 877 1633 uno
899 1591 981 1652 equo
1004 1577 1037 1634 et
1059 1571 1184 1633 duobus
1199 1570 1301 1633 bobus

170 1660 205 1717 et
219 1655 308 1718 dabit
323 1655 365 1718 ad
379 1656 511 1739 g’smam
527 1656 589 1719 duo
604 1678 734 1733 marcas,
746 1656 905 1733 videlicet,
917 1657 958 1720 ad
973 1658 1064 1720 Pent.
1080 1676 1164 1719 anuo
1179 1657 1302 1739 graciae,

120 1767 125 1773 ·
170 1752 239 1817 etc,
253 1743 457 1825 nonagesimo
479 1743 615 1825 septimo
637 1764 736 1806 unam
758 1763 905 1819 marcam,
920 1750 954 1807 et
968 1743 1009 1806 ad
1028 1744 1148 1806 festum
1167 1743 1196 1807 S.
1213 1743 1302 1806 Mar-

169 1827 234 1890 tini
258 1848 345 1911 prox.
373 1848 509 1911 sequens
539 1850 637 1892 unam
662 1851 811 1906 marcam,
837 1835 870 1893 et
899 1830 1093 1893 sustentabit
1118 1835 1242 1911 patrem
1269 1837 1302 1893 et

169 1922 305 1979 matrem
319 1915 491 1979 honorifice
506 1936 562 1998 pro
578 1937 669 1998 posse
684 1936 751 1980 suo.
1026 1931 1033 1946 ·

214 1999 463 2066 Hurflrwosru.
508 2002 605 2066 Isold'
631 2003 743 2066 relicta
772 2002 922 2066 Nicholai
951 2002 1144 2066 Braciatoris
1174 2003 1301 2066 invenit

169 2087 245 2170 iiij0r
256 2089 414 2170 juratores
430 2088 552 2172 plegios
568 2109 642 2152 suos
665 2089 847 2152 sustinendi
869 2096 986 2153 terram
1008 2110 1100 2152 suam
1116 2095 1149 2152 et
1164 2089 1302 2152 faciendi

169 2175 311 2237 Domino
326 2175 429 2237 Priori
444 2177 473 2258 q'
489 2177 591 2238 facere
611 2176 713 2240 debet.
725 2214 769 2221 —
780 2176 1024 2239 consideratum
1040 2176 1191 2257 estquod
1206 2175 1301 2238 Will-

169 2262 272 2325 elmus
295 2261 335 2325 de
357 2261 474 2325 Hilton
495 2268 660 2344 recuperet
682 2263 722 2326 de
744 2263 883 2326 Roberto
897 2263 1082 2345 Wyteb'ine
1099 2266 1153 2339 4s.‚
1168 2268 1210 2338 et,
1224 2262 1302 2344 quia

170 2347 321 2424 detinuit,
335 2348 370 2409 in
385 2348 608 2424 misericordia,
626 2349 675 2412 6d.

212 2435 236 2498 J
236 2450 320 2498 ΑΝ,
365 2434 496 2498 Beatrix
513 2435 654 2511 Textrini,
669 2456 725 2517 pro
745 2435 822 2517 leyr,
837 2435 873 2498 in
888 2435 1112 2510 misericordia,
1129 2435 1195 2498 od:
1218 2434 1300 2516 plcg.

169 2520 292 2603 Rogero
310 2521 468 2585 Barthew.
479 2559 524 2568 -
536 2522 616 2584 Octo
638 2522 784 2585 homines
799 2522 838 2585 de
853 2522 876 2585 J
877 2542 941 2584 arw
956 2521 1032 2603 quia
1054 2521 1300 2603 supersederunt

170 2607 271 2671 facere
287 2608 460 2690 coriagium
474 2607 510 2669 in
525 2614 746 2691 contemptum
761 2608 895 2670 Domini
911 2608 1038 2670 Prioris.

212 2694 405 2757 Wnnrsruu.
450 2695 544 2757 Terra
566 2694 701 2758 Henrici
722 2694 804 2758 Yole
827 2694 866 2756 de
888 2693 1056 2756 Walisend
1079 2698 1173 2774 capta
1195 2696 1243 2755 est
1265 2691 1301 2753 in

170 2781 254 2843 man'
269 2781 404 2842 Domini
418 2787 547 2862 propter
560 2782 630 2863 ejus
644 2781 880 2863 impotenciam.

213 2866 474 2931 WYUELINGTON.
519 2867 709 2950 Radulphus
733 2867 772 2929 de
794 2864 944 2947 Pitingd',
960 2864 1036 2946 quia
1058 2863 1162 2926 aravit
1184 2869 1301 2926 terram

170 2951 270 3015 Alani
285 2952 324 3016 de
339 2952 502 3016 Heberine
517 2954 587 3017 sine
601 2953 746 3029 licencia,
765 2953 800 3014 in
820 2950 1044 3026 misericordia,
1068 2951 1117 3014 6d.
1161 2951 1205 3013 Et
1226 2970 1301 3013 oon·

171 3039 346 3103 sideratum
368 3046 417 3103 est
442 3039 529 3122 quod
555 3041 662 3104 dictus
684 3038 876 3122 Radulphus
898 3044 1064 3120 recuperet
1085 3037 1125 3100 de
1147 3037 1301 3121 praedioto

169 3125 275 3189 Alano
290 3131 439 3209 sumptus
455 3146 534 3208 quos
548 3126 666 3209 posuit.

212 3212 395 3277 Huwouru.
438 3213 500 3275 Ad'
525 3213 565 3277 de
588 3213 743 3277 Heworth
767 3211 892 3276 invenit
918 3211 1080 3275 Simonem
1103 3210 1143 3273 de
1165 3210 1302 3286 Aookes‚

169 3297 377 3380 Raduiphum
393 3300 547 3376 Sutorem,
563 3306 596 3364 et
614 3299 796 3364 Galfridum
810 3300 942 3380 Danays
963 3297 1044 3380 pleg.
1061 3317 1135 3361 suos
1150 3297 1302 3360 veniendi

170 3384 256 3468 apud
266 3385 399 3448 Dunlm’
410 3385 462 3450 die
473 3386 589 3449 Martis
598 3407 687 3468 prox.
696 3393 770 3469 post
779 3385 898 3448 festum
910 3386 940 3449 S.
951 3384 1121 3448 Outhberti
1131 3384 1167 3446 in
1177 3383 1301 3446 Marcio

169 3471 211 3534 ad
221 3471 356 3535 faciend.
367 3471 568 3535 voluntatem
583 3473 717 3536 Domini
732 3472 850 3535 Prioris
865 3477 898 3534 et
912 3471 1019 3534 omnia
1034 3470 1097 3533 alia
1111 3490 1184 3552 quae
1198 3468 1301 3532 facere

170 3554 580 3623 debet.-Inoromentum
604 3565 647 3623 3s.
673 3559 838 3624 (tilbertus
860 3557 946 3620 filius
969 3556 1107 3620 Galfridi
1130 3555 1216 3639 oepit
1237 3555 1302 3618 duo

170 3645 294 3727 cotagia
308 3651 341 3708 et
355 3644 434 3708 duas
449 3665 537 3708 acras
552 3651 652 3722 terrae,
663 3646 749 3709 redd.
761 3666 792 3728 p.
804 3665 898 3726 apro
913 3643 1061 3707 omnibus
1079 3649 1132 3718 5s.,
1144 3661 1216 3725 quac
1230 3641 1301 3705 red-

170 3730 244 3794 dere
267 3731 390 3794 solebat
414 3731 483 3814 [ric]
511 3737 554 3795 2s.
581 3737 613 3795 et
636 3731 1044 3814 opera—Incrementum
1071 3728 1141 3792 lad.
1194 3727 1302 3791 Alieia

169 3837 252 3881 uxor
277 3818 410 3880 Patricii
439 3818 525 3901 cepit
553 3839 656 3881 uuum
684 3819 804 3881 toftum
834 3823 867 3881 et
890 3816 931 3879 di.
958 3836 1063 3878 acram
1089 3820 1189 3891 terrae,
1215 3814 1300 3878 redd.

169 3923 200 3984 p.
223 3923 330 3986 apro
356 3904 505 3967 omnibus
534 3910 633 3968 aa-
648 3905 887 3968 Incrementum
915 3908 959 3966 2s.
1002 3901 1187 3965 Willelmus
1214 3900 1300 3963 filius

170 3989 311 4054 Simonis
326 3990 412 4073 cepit
426 3991 490 4055 duo
505 3991 628 4075 cotagia
643 3991 759 4074 [unum
773 3989 934 4071 cotagium
948 3989 1052 4051 struck
1065 3989 1131 4070 oct]
1147 3993 1179 4051 et
1201 4007 1300 4050 unam

169 4096 276 4139 acram
297 4081 397 4152 terrae,
411 4077 577 4140 reddendo
593 4097 651 4160 pro
673 4076 822 4140 omnibus
846 4081 890 4139 ts.
902 4074 1022 4137 —Hic
1044 4095 1111 4137 non
1132 4080 1181 4138 est
1198 4073 1300 4137 incre-

169 4167 324 4227 mentum.
369 4163 528 4227 Robertus
544 4164 710 4227 Bercarius
725 4163 810 4244 cepit
824 4182 927 4225 unum
941 4161 1109 4243 omagium,
1124 4160 1211 4224 redd.
1227 4180 1256 4241 p.
1273 4179 1300 4222 a.

172 4249 222 4312 8d.
260 4249 336 4312 Non
348 4255 396 4312 est
410 4249 653 4313 incrementum.
664 4283 709 4293 —
721 4248 964 4312 Consideratum
979 4252 1028 4309 est
1043 4246 1129 4327 quod
1143 4246 1301 4308 Robertus

170 4334 256 4399 filius
279 4335 415 4400 Walteri
440 4341 605 4418 recuperet
627 4335 667 4399 de
687 4332 857 4416 Radulpho
880 4334 1002 4407 Sutore,
1024 4332 1145 4416 Rogero
1168 4330 1247 4407 Ook,
1269 4336 1302 4396 et
