2970 4956
234 368 296 427 186
482 376 641 426 emon
662 376 844 426 ememus
865 372 1106 424 nudemmiisis.
1284 364 1384 432 1384.

232 536 320 621 preti
340 536 377 599 in
399 535 550 611 Suthker,
565 535 605 600 de
625 535 726 600 libere
740 542 825 600 terra
839 535 934 619 praed.
950 534 973 597 J
975 532 1035 609 oh.,
1050 552 1123 616 quae
1138 531 1210 617 [eie]
1226 532 1383 597 vendidit

235 624 316 687 done
333 623 446 700 Priori,
461 630 494 687 et
505 628 614 686 tenere
630 623 672 686 ad
685 628 775 686 terne
792 622 869 687 vitae
883 641 959 697 euae,
973 620 1059 683 redd.
1075 639 1196 703 peren.
1212 627 1253 684 ν’.

277 711 400 775 Acm.
444 711 496 774 De
521 709 596 774 doh.
621 710 772 774 Webster
791 729 850 792 pro
875 707 1007 773 cultello
1030 726 1088 770 suo
1110 714 1263 782 extracto,
1278 712 1381 790 prout

234 805 435 881 compertum
456 802 514 873 est,
536 796 572 880 iij
595 797 730 872 vicibus,
745 796 890 880 quelibet
911 795 982 858 vice
1004 791 1305 857 xl⁶.—Ordinatum
1329 799 1380 858 est

234 905 275 948 ex
286 884 450 949 communi
465 903 598 948 assensu
610 884 696 967 quod
711 883 789 967 [ten.
800 882 981 958 intertincti,
984 882 1049 963 five
1059 901 1166 944 names
1176 901 1265 943 ocewr
1275 881 1316 943 in
1329 882 1379 943 tte

232 970 375 1055 marqie]
391 970 524 1034 videant
545 990 675 1033 cursum
697 990 798 1053 aquae,
819 976 904 1034 retro
926 968 1012 1053 gard.
1035 966 1109 1030 Joh
1133 1017 1140 1032 .
1164 1015 1170 1030 .
1193 1017 1200 1031 .
1224 967 1273 1030 ita
1286 967 1377 1050 quod

233 1058 329 1142 preed.
360 1077 472 1121 cursus
501 1078 567 1121 non
597 1057 742 1121 destruat
763 1056 942 1120 dominicas
971 1061 1111 1118 ten-nee
1140 1053 1260 1130 domos,
1292 1055 1377 1118 eitra

228 1165 317 1230 prox
329 1165 403 1221 eur„
418 1144 479 1208 sub
494 1165 591 1228 poena
604 1143 646 1208 di
662 1165 756 1208 mere.
1475 1200 1480 1210 .

278 1233 376 1296 FERY.
421 1231 496 1296 doh.
523 1232 563 1295 de
590 1231 769 1295 Bicheborn
799 1251 824 1295 c.
855 1231 891 1313 iij
923 1250 968 1294 ae.
996 1229 1093 1312 juxta
1122 1227 1153 1292 le
1183 1226 1376 1304 Welheued,

233 1318 371 1383 hebend.
387 1318 428 1382 ed
447 1325 538 1382 term.
553 1319 629 1382 vitae
652 1338 727 1393 suae,
741 1317 828 1382 redd.
844 1317 880 1399 ij*
892 1313 1067 1400 vj⁶.-J0h.
1084 1316 1204 1379 Person
1227 1334 1252 1378 e.
1272 1315 1295 1397 ij
1313 1324 1376 1380 cot.

234 1405 312 1488 xxvj
326 1425 370 1469 ae.
383 1410 439 1469 ter.
452 1426 524 1488 quae
540 1406 739 1469 devenerunt
749 1405 786 1467 in
796 1425 897 1468 manu
912 1405 994 1468 dom.
1007 1422 1103 1466 eausa
1114 1401 1230 1465 wardae
1244 1401 1287 1464 fil.
1301 1399 1376 1488 [sie]

234 1492 302 1556 Rie.
319 1493 440 1557 Person
463 1492 617 1569 defuncti,
632 1497 665 1555 et
680 1512 753 1575 quae
767 1491 861 1574 praed.
885 1539 892 1556 .
916 1540 923 1555 .
946 1540 953 1554 .
977 1489 1151 1572 aequisivit
1172 1489 1208 1550 in
1229 1488 1312 1552 villa
1335 1489 1376 1554 de

234 1580 337 1664 Fery3
358 1578 495 1644 habend.
513 1578 551 1642 ad
568 1579 697 1662 plenem
713 1585 842 1642 aetatem
856 1577 985 1642 heredis
1000 1577 1108 1659 praed„
1119 1575 1205 1639 redd.
1221 1596 1279 1658 pro
1291 1577 1305 1659 j
1323 1597 1375 1641 en.

234 1674 276 1742 κ’,
291 1672 324 1730 et
346 1672 457 1749 postea
478 1666 624 1749 quolibet
645 1686 730 1729 enno
753 1715 759 1730 .
783 1715 790 1728 .
814 1715 821 1729 .
846 1714 853 1740 ,
875 1663 1060 1747 incipiendo
1086 1663 1209 1726 solvere
1233 1662 1276 1726 ad
1299 1663 1374 1731 fest.

235 1753 265 1817 S.
280 1753 414 1816 Martini
430 1773 514 1816 anno
537 1754 630 1816 Dom.
647 1759 706 1816 etc.
724 1750 853 1815 lxxxv⁶⁰
864 1775 872 1830 ;
894 1757 927 1815 et
942 1751 1039 1815 faciet
1059 1749 1140 1814 dom.
1164 1756 1197 1813 et
1218 1750 1279 1814 vie.
1302 1771 1377 1834 quae

234 1840 447 1919 incumbunt3
480 1845 512 1903 et
537 1839 633 1922 praed.
660 1839 734 1903 Joh.
762 1845 821 1903 cot.
852 1845 886 1902 et
911 1845 967 1902 ter.
991 1839 1026 1900 in
1049 1838 1113 1900 fine
1144 1843 1235 1902 term.
1260 1839 1315 1902 eui
1341 1839 1378 1900 in

236 1926 409 1990 sufficienti
424 1932 457 1991 et
472 1926 556 1990 bono
571 1933 660 1990 statu
675 1927 825 1990 dimittet.
